
@inproceedings{addad2018fast,
  title = {Towards a {{Fast Service Migration}} in {{5G}}},
  booktitle = {2018 {{IEEE Conference}} on {{Standards}} for {{Communications}} and {{Networking}} ({{CSCN}})},
  author = {Addad, R. A. and Dutra, D. L. Cadette and Bagaa, M. and Taleb, T. and Flinck, H.},
  year = {2018},
  month = oct,
  pages = {1--6},
  doi = {10.1109/CSCN.2018.8581836}
}

@inproceedings{addad2018mira,
  title = {{{MIRA}}!: {{An SDN}}-{{Based Framework}} for {{Cross}}-{{Domain Fast Migration}} of {{Ultra}}-{{Low Latency 5G Services}}},
  shorttitle = {{{MIRA}}!},
  booktitle = {2018 {{IEEE Global Communications Conference}} ({{GLOBECOM}})},
  author = {Addad, Rami Akrem and Dutra, Diego Leonel Cadette and Taleb, Tarik and Bagaa, Miloud and Flinck, Hannu},
  year = {2018},
  month = dec,
  pages = {1--6},
  issn = {1930-529X},
  doi = {10.1109/GLOCOM.2018.8648002}
}

@article{ahmeddocker,
  title = {Docker {{Container Deployment}} in {{Fog Computing Infrastructures}}},
  author = {Ahmed, Arif and Pierre, Guillaume},
  pages = {8},
  language = {en}
}

@article{al-shuwaili2017energyefficient,
  title = {Energy-{{Efficient Resource Allocation}} for {{Mobile Edge Computing}}-{{Based Augmented Reality Applications}}},
  author = {{Al-Shuwaili}, A. and Simeone, O.},
  year = {2017},
  month = jun,
  volume = {6},
  pages = {398--401},
  issn = {2162-2337},
  doi = {10.1109/LWC.2017.2696539},
  journal = {IEEE Wireless Communications Letters},
  number = {3}
}

@inproceedings{alam2016multiagent,
  title = {Multi-Agent and Reinforcement Learning Based Code Offloading in Mobile Fog},
  booktitle = {2016 {{International Conference}} on {{Information Networking}} ({{ICOIN}})},
  author = {Alam, M. G. R. and Tun, Y. K. and Hong, C. S.},
  year = {2016},
  month = jan,
  pages = {285--290},
  doi = {10.1109/ICOIN.2016.7427078}
}

@inproceedings{almajali2018framework,
  title = {A Framework for Efficient and Secured Mobility of {{IoT}} Devices in Mobile Edge Computing},
  booktitle = {2018 {{Third International Conference}} on {{Fog}} and {{Mobile Edge Computing}} ({{FMEC}})},
  author = {Almajali, S. and Salameh, H. B. and Ayyash, M. and Elgala, H.},
  year = {2018},
  month = apr,
  pages = {58--62},
  doi = {10.1109/FMEC.2018.8364045}
}

@inproceedings{alonso2019survey,
  title = {A {{Survey}} on {{Software}}-{{Defined Networks}} and {{Edge Computing}} over {{IoT}}},
  booktitle = {Highlights of {{Practical Applications}} of {{Survivable Agents}} and {{Multi}}-{{Agent Systems}}. {{The PAAMS Collection}}},
  author = {Alonso, Ricardo S. and {Sitt{\'o}n-Candanedo}, In{\'e}s and {Rodr{\'i}guez-Gonz{\'a}lez}, Sara and Garc{\'i}a, {\'O}scar and Prieto, Javier},
  editor = {De La Prieta, Fernando and {Gonz{\'a}lez-Briones}, Alfonso and Pawleski, Pawel and Calvaresi, Davide and Del Val, Elena and Lopes, Fernando and Julian, Vicente and Osaba, Eneko and {S{\'a}nchez-Iborra}, Ram{\'o}n},
  year = {2019},
  pages = {289--301},
  publisher = {{Springer International Publishing}},
  isbn = {978-3-030-24299-2},
  language = {en},
  series = {Communications in {{Computer}} and {{Information Science}}}
}

@inproceedings{altman2002tcp,
  title = {【!!】{{TCP}} Network Calculus: The Case of Large Delay-Bandwidth Product},
  shorttitle = {{{TCP}} Network Calculus},
  booktitle = {Proceedings.{{Twenty}}-{{First Annual Joint Conference}} of the {{IEEE Computer}} and {{Communications Societies}}},
  author = {Altman, E. and Avrachenkov, K. and Barakat, C.},
  year = {2002},
  month = jun,
  volume = {1},
  pages = {417-426 vol.1},
  issn = {0743-166X},
  doi = {10.1109/INFCOM.2002.1019284}
}

@inproceedings{amjad2017cognitive,
  title = {Cognitive {{Edge Computing}} Based Resource Allocation Framework for {{Internet}} of {{Things}}},
  booktitle = {2017 {{Second International Conference}} on {{Fog}} and {{Mobile Edge Computing}} ({{FMEC}})},
  author = {Amjad, A. and Rabby, F. and Sadia, S. and Patwary, M. and Benkhelifa, E.},
  year = {2017},
  month = may,
  pages = {194--200},
  doi = {10.1109/FMEC.2017.7946430}
}

@article{angrishi2013endtoend,
  title = {An End-to-End Stochastic Network Calculus with Effective Bandwidth and Effective Capacity},
  author = {Angrishi, Kishore},
  year = {2013},
  month = jan,
  volume = {57},
  pages = {78--84},
  issn = {1389-1286},
  doi = {10.1016/j.comnet.2012.09.003},
  journal = {Computer Networks},
  language = {en},
  number = {1}
}

@article{anschel2016averageddqn,
  title = {Averaged-{{DQN}}: {{Variance Reduction}} and {{Stabilization}} for {{Deep Reinforcement Learning}}},
  shorttitle = {Averaged-{{DQN}}},
  author = {Anschel, Oron and Baram, Nir and Shimkin, Nahum},
  year = {2016},
  month = nov,
  archivePrefix = {arXiv},
  eprint = {1611.01929},
  eprinttype = {arxiv},
  journal = {arXiv:1611.01929 [cs, stat]},
  primaryClass = {cs, stat}
}

@article{aral2018decentralized,
  title = {A {{Decentralized Replica Placement Algorithm}} for {{Edge Computing}}},
  author = {Aral, A. and Ovatman, T.},
  year = {2018},
  month = jun,
  volume = {15},
  pages = {516--529},
  issn = {1932-4537},
  doi = {10.1109/TNSM.2017.2788945},
  journal = {IEEE Transactions on Network and Service Management},
  number = {2}
}

@article{arulkumaran2017deep,
  title = {Deep {{Reinforcement Learning}}: {{A Brief Survey}}},
  shorttitle = {Deep {{Reinforcement Learning}}},
  author = {Arulkumaran, K. and Deisenroth, M. P. and Brundage, M. and Bharath, A. A.},
  year = {2017},
  month = nov,
  volume = {34},
  pages = {26--38},
  issn = {1053-5888},
  doi = {10.1109/MSP.2017.2743240},
  journal = {IEEE Signal Processing Magazine},
  number = {6}
}

@inproceedings{aryal2018dynamic,
  title = {Dynamic Application Deployment in Federations of Clouds and Edge Resources Using a Multiobjective Optimization {{AI}} Algorithm},
  booktitle = {2018 {{Third International Conference}} on {{Fog}} and {{Mobile Edge Computing}} ({{FMEC}})},
  author = {Aryal, R. G. and Altmann, J.},
  year = {2018},
  month = apr,
  pages = {147--154},
  doi = {10.1109/FMEC.2018.8364057}
}

@inproceedings{assasa2015service,
  title = {Service {{Mobility}} in {{Mobile Networks}}},
  booktitle = {2015 {{IEEE}} 8th {{International Conference}} on {{Cloud Computing}}},
  author = {Assasa, H. and Yadhav, S. V. and Westberg, L.},
  year = {2015},
  month = jun,
  pages = {397--404},
  doi = {10.1109/CLOUD.2015.60}
}

@inproceedings{auyoung2006service,
  title = {Service Contracts and Aggregate Utility Functions},
  booktitle = {Proceedings of {{IEEE International Conference}} on {{High Performance Distributed Computing}} ({{HPDC}} 2006)},
  author = {AuYoung, A. and Grit, L. and Wiener, J. and Wilkes, J.},
  year = {2006},
  month = jun,
  pages = {119--131},
  doi = {10.1109/HPDC.2006.1652143}
}

@article{baccarelli2018fogsupported,
  title = {Fog-{{Supported Delay}}-{{Constrained Energy}}-{{Saving Live Migration}} of {{VMs Over MultiPath TCP}}/{{IP 5G Connections}}},
  author = {Baccarelli, Enzo and Scarpiniti, Michele and Momenzadeh, Alireza},
  year = {2018},
  volume = {6},
  pages = {42327--42354},
  issn = {2169-3536},
  doi = {10.1109/ACCESS.2018.2860249},
  journal = {IEEE Access}
}

@inproceedings{bahreini2017efficient,
  title = {Efficient {{Placement}} of {{Multi}}-Component {{Applications}} in {{Edge Computing Systems}}},
  booktitle = {Proceedings of the {{Second ACM}}/{{IEEE Symposium}} on {{Edge Computing}}},
  author = {Bahreini, Tayebeh and Grosu, Daniel},
  year = {2017},
  pages = {5:1--5:11},
  publisher = {{ACM}},
  address = {{New York, NY, USA}},
  doi = {10.1145/3132211.3134454},
  isbn = {978-1-4503-5087-7},
  series = {{{SEC}} '17}
}

@inproceedings{bai2018case,
  title = {A {{Case}} for {{Web Service Bandwidth Reduction}} on {{Mobile Devices}} with {{Edge}}-{{Hosted Personal Services}}},
  booktitle = {{{IEEE INFOCOM}} 2018 - {{IEEE Conference}} on {{Computer Communications}}},
  author = {Bai, Y. and Hao, P. and Zhang, Y.},
  year = {2018},
  month = apr,
  pages = {657--665},
  doi = {10.1109/INFOCOM.2018.8486270}
}

@inproceedings{baig2016fostering,
  title = {Fostering {{Collaborative Edge Service Provision}} in {{Community Clouds}} with {{Docker}}},
  booktitle = {2016 {{IEEE International Conference}} on {{Computer}} and {{Information Technology}} ({{CIT}})},
  author = {Baig, R. and Freitag, F. and Navarro, L.},
  year = {2016},
  month = dec,
  pages = {560--567},
  doi = {10.1109/CIT.2016.39}
}

@article{bandi2018robust,
  title = {Robust {{Multiclass Queuing Theory}} for {{Wait Time Estimation}} in {{Resource Allocation Systems}}},
  author = {Bandi, Chaithanya and Trichakis, Nikolaos and Vayanos, Phebe},
  year = {2018},
  month = may,
  volume = {65},
  pages = {152--187},
  issn = {0025-1909},
  doi = {10.1287/mnsc.2017.2948},
  journal = {Management Science},
  number = {1}
}

@inproceedings{banerjee2018edge,
  title = {Edge {{Computing}} with {{ParaDrop Tutorial}}},
  booktitle = {Proceedings of the 24th {{Annual International Conference}} on {{Mobile Computing}} and {{Networking}}},
  author = {Banerjee, Suman},
  year = {2018},
  pages = {657--657},
  publisher = {{ACM}},
  address = {{New York, NY, USA}},
  doi = {10.1145/3241539.3270097},
  isbn = {978-1-4503-5903-0},
  series = {{{MobiCom}} '18}
}

@article{bang2019survey,
  title = {A Survey on Knowledge Transfer for Manufacturing Data Analytics},
  author = {Bang, Seung Hwan and Ak, Ronay and Narayanan, Anantha and Lee, Y. Tina and Cho, Hyunbo},
  year = {2019},
  month = jan,
  volume = {104},
  pages = {116--130},
  issn = {0166-3615},
  doi = {10.1016/j.compind.2018.07.001},
  journal = {Computers in Industry}
}

@inproceedings{bao2019deepa,
  title = {Deep {{Learning}}-Based {{Job Placement}} in {{Distributed Machine Learning Clusters}}},
  booktitle = {{{IEEE INFOCOM}} 2019 - {{IEEE Conference}} on {{Computer Communications}}},
  author = {Bao, Y. and Peng, Y. and Wu, C.},
  year = {2019},
  month = apr,
  pages = {505--513},
  doi = {10.1109/INFOCOM.2019.8737460}
}

@inproceedings{basmadjian2011methodology,
  title = {A {{Methodology}} to {{Predict}} the {{Power Consumption}} of {{Servers}} in {{Data Centres}}},
  booktitle = {Proceedings of the {{2Nd International Conference}} on {{Energy}}-{{Efficient Computing}} and {{Networking}}},
  author = {Basmadjian, Robert and Ali, Nasir and Niedermeier, Florian and {de Meer}, Hermann and Giuliani, Giovanni},
  year = {2011},
  pages = {1--10},
  publisher = {{ACM}},
  address = {{New York, NY, USA}},
  doi = {10.1145/2318716.2318718},
  isbn = {978-1-4503-1313-1},
  series = {E-{{Energy}} '11}
}

@inproceedings{bega2019deepcoga,
  title = {{{DeepCog}}: {{Cognitive Network Management}} in {{Sliced 5G Networks}} with {{Deep Learning}}},
  shorttitle = {{{DeepCog}}},
  booktitle = {{{IEEE INFOCOM}} 2019 - {{IEEE Conference}} on {{Computer Communications}}},
  author = {Bega, D. and Gramaglia, M. and Fiore, M. and Banchs, A. and {Costa-Perez}, X.},
  year = {2019},
  month = apr,
  pages = {280--288},
  doi = {10.1109/INFOCOM.2019.8737488}
}

@article{benamor2019solving,
  title = {Solving Sequential Collective Decision Problems under Qualitative Uncertainty},
  author = {Ben Amor, Nahla and Essghaier, Fatma and Fargier, H{\'e}l{\`e}ne},
  year = {2019},
  month = jun,
  volume = {109},
  pages = {1--18},
  issn = {0888-613X},
  doi = {10.1016/j.ijar.2019.03.003},
  journal = {International Journal of Approximate Reasoning}
}

@article{bhamare2016survey,
  title = {A Survey on Service Function Chaining},
  author = {Bhamare, Deval and Jain, Raj and Samaka, Mohammed and Erbad, Aiman},
  year = {2016},
  month = nov,
  volume = {75},
  pages = {138--155},
  issn = {1084-8045},
  doi = {10.1016/j.jnca.2016.09.001},
  journal = {Journal of Network and Computer Applications}
}

@inproceedings{bhamare2017multiobjective,
  title = {Multi-Objective Scheduling of Micro-Services for Optimal Service Function Chains},
  booktitle = {2017 {{IEEE International Conference}} on {{Communications}} ({{ICC}})},
  author = {Bhamare, D. and Samaka, M. and Erbad, A. and Jain, R. and Gupta, L. and Chan, H. A.},
  year = {2017},
  month = may,
  pages = {1--6},
  doi = {10.1109/ICC.2017.7996729}
}

@inproceedings{bodas2018reinforcement,
  title = {Reinforcement Learning for Game Personalization on Edge Devices},
  booktitle = {2018 {{International Conference}} on {{Information}} and {{Computer Technologies}} ({{ICICT}})},
  author = {Bodas, A. and Upadhyay, B. and Nadiger, C. and Abdelhak, S.},
  year = {2018},
  month = mar,
  pages = {119--122},
  doi = {10.1109/INFOCT.2018.8356853}
}

@inproceedings{bondorf2015boosting,
  title = {Boosting Sensor Network Calculus by Thoroughly Bounding Cross-Traffic},
  booktitle = {2015 {{IEEE Conference}} on {{Computer Communications}} ({{INFOCOM}})},
  author = {Bondorf, Steffen and Schmitt, Jens B.},
  year = {2015},
  month = apr,
  pages = {235--243},
  issn = {0743-166X},
  doi = {10.1109/INFOCOM.2015.7218387}
}

@article{boudeckeben,
  title = {[课本]{{Network Calculus}}:{{A Theory}} of {{Deterministic Queuing Systems}} for the {{Internet}}},
  author = {Boudec, Jean-Yves Le and Thiran, Patrick},
  pages = {263},
  language = {en}
}

@article{boudecppt,
  title = {[{{PPT}}]Network Calculus},
  author = {Boudec, J-Y Le and Thiran, P},
  pages = {47},
  journal = {Network Calculus},
  language = {en}
}

@inproceedings{brandherm2019learningbased,
  title = {A {{Learning}}-Based {{Framework}} for {{Optimizing Service Migration}} in {{Mobile Edge Clouds}}},
  booktitle = {Proceedings of the {{2Nd International Workshop}} on {{Edge Systems}}, {{Analytics}} and {{Networking}}},
  author = {Brandherm, Florian and Wang, Lin and M{\"u}hlh{\"a}user, Max},
  year = {2019},
  pages = {12--17},
  publisher = {{ACM}},
  address = {{Dresden, Germany}},
  doi = {10.1145/3301418.3313939},
  isbn = {978-1-4503-6275-7},
  series = {{{EdgeSys}} '19}
}

@inproceedings{breslau1999web,
  title = {Web Caching and {{Zipf}}-like Distributions: Evidence and Implications},
  shorttitle = {Web Caching and {{Zipf}}-like Distributions},
  booktitle = {{{IEEE INFOCOM}} '99. {{Conference}} on {{Computer Communications}}. {{Proceedings}}. {{Eighteenth Annual Joint Conference}} of the {{IEEE Computer}} and {{Communications Societies}}. {{The Future}} Is {{Now}} ({{Cat}}. {{No}}.{{99CH36320}})},
  author = {Breslau, L. and {Pei Cao} and {Li Fan} and Phillips, G. and Shenker, S.},
  year = {1999},
  pages = {126-134 vol.1},
  publisher = {{IEEE}},
  address = {{New York, NY, USA}},
  doi = {10.1109/INFCOM.1999.749260},
  isbn = {978-0-7803-5417-3}
}

@inproceedings{bruschi2018personal,
  title = {Personal {{Services Placement}} and {{Low}}-{{Latency Migration}} in {{Edge Computing Environments}}},
  booktitle = {2018 {{IEEE Conference}} on {{Network Function Virtualization}} and {{Software Defined Networks}} ({{NFV}}-{{SDN}})},
  author = {Bruschi, R. and Davoli, F. and Lago, P. and Lombardo, C. and Pajo, J. F.},
  year = {2018},
  month = nov,
  pages = {1--6},
  doi = {10.1109/NFV-SDN.2018.8725635}
}

@article{bujari2018comparison,
  title = {A {{Comparison}} of {{Stateless Position}}-Based {{Packet Routing Algorithms}} for {{FANETs}}},
  author = {Bujari, A. and Palazzi, C. E. and Ronzani, D.},
  year = {2018},
  month = nov,
  volume = {17},
  pages = {2468--2482},
  issn = {1536-1233},
  doi = {10.1109/TMC.2018.2811490},
  journal = {IEEE Transactions on Mobile Computing},
  number = {11}
}

@article{burke1956output,
  title = {【!!】{{The Output}} of a {{Queuing System}}},
  author = {Burke, Paul J.},
  year = {1956},
  volume = {4},
  pages = {699--704},
  issn = {0030-364X},
  journal = {Operations Research},
  number = {6}
}

@inproceedings{cao2017service,
  title = {Service {{Migrations}} in the {{Cloud}} for {{Mobile Accesses}}: {{A Reinforcement Learning Approach}}},
  shorttitle = {Service {{Migrations}} in the {{Cloud}} for {{Mobile Accesses}}},
  booktitle = {Proceedings of 2017 {{International Conference}} on {{Networking}}, {{Architecture}}, and {{Storage}} ({{NAS}})},
  author = {Cao, S. and Wang, Y. and Xu, C.},
  year = {2017},
  month = aug,
  pages = {1--10},
  doi = {10.1109/NAS.2017.8026876}
}

@article{ceselli2017mobile,
  title = {Mobile {{Edge Cloud Network Design Optimization}}},
  author = {Ceselli, Alberto and Premoli, Marco and Secci, Stefano},
  year = {2017},
  month = jun,
  volume = {25},
  pages = {1818--1831},
  issn = {1558-2566},
  doi = {10.1109/TNET.2017.2652850},
  journal = {IEEE/ACM Transactions on Networking},
  number = {3}
}

@article{chang2018adaptive,
  title = {Adaptive {{Replication}} for {{Mobile Edge Computing}}},
  author = {Chang, W. and Wang, P.},
  year = {2018},
  month = nov,
  volume = {36},
  pages = {2422--2432},
  issn = {0733-8716},
  doi = {10.1109/JSAC.2018.2874140},
  journal = {IEEE Journal on Selected Areas in Communications},
  number = {11}
}

@article{chang2018hotspot,
  title = {Hotspot {{Mitigation}} for {{Mobile Edge Computing}}},
  author = {Chang, W. and Chen, Y. and Wang, P.},
  year = {2018},
  pages = {1--1},
  issn = {2377-3782},
  doi = {10.1109/TSUSC.2018.2878438},
  journal = {IEEE Transactions on Sustainable Computing}
}

@article{chantre2018multiobjective,
  title = {Multi-{{Objective Optimization}} for {{Edge Device Placement}} and {{Reliable Broadcasting}} in {{5G NFV}}-{{Based Small Cell Networks}}},
  author = {Chantre, H. D. and da Fonseca, N. L. S.},
  year = {2018},
  month = oct,
  volume = {36},
  pages = {2304--2317},
  issn = {0733-8716},
  doi = {10.1109/JSAC.2018.2869966},
  journal = {IEEE Journal on Selected Areas in Communications},
  number = {10}
}

@article{charilas2010survey,
  title = {A Survey on Game Theory Applications in Wireless Networks},
  author = {Charilas, Dimitris E. and Panagopoulos, Athanasios D.},
  year = {2010},
  month = dec,
  volume = {54},
  pages = {3421--3430},
  issn = {1389-1286},
  doi = {10.1016/j.comnet.2010.06.020},
  journal = {Computer Networks},
  number = {18}
}

@article{chase2017joint,
  title = {Joint {{Optimization}} of {{Resource Provisioning}} in {{Cloud Computing}}},
  author = {Chase, J. and Niyato, D.},
  year = {2017},
  month = may,
  volume = {10},
  pages = {396--409},
  issn = {1939-1374},
  doi = {10.1109/TSC.2015.2476812},
  journal = {IEEE Transactions on Services Computing},
  number = {3}
}

@inproceedings{chen2005tcp,
  title = {{{TCP}} Congestion Avoidance: A Network Calculus Interpretation and Performance Improvements},
  shorttitle = {{{TCP}} Congestion Avoidance},
  booktitle = {Proceedings {{IEEE}} 24th {{Annual Joint Conference}} of the {{IEEE Computer}} and {{Communications Societies}}.},
  author = {Chen, M. and Zhang, J. and Murthi, M.N. and Kamal Premaratne},
  year = {2005},
  month = mar,
  volume = {2},
  pages = {914-925 vol. 2},
  issn = {0743-166X},
  doi = {10.1109/INFCOM.2005.1498321}
}

@article{chen2016efficient,
  title = {Efficient {{Multi}}-{{User Computation Offloading}} for {{Mobile}}-{{Edge Cloud Computing}}},
  author = {Chen, X. and Jiao, L. and Li, W. and Fu, X.},
  year = {2016},
  month = oct,
  volume = {24},
  pages = {2795--2808},
  doi = {10.1109/TNET.2015.2487344},
  journal = {IEEE/ACM Transactions on Networking},
  number = {5}
}

@inproceedings{chen2017computation,
  title = {Computation {{Peer Offloading}} in {{Mobile Edge Computing}} with {{Energy Budgets}}},
  booktitle = {Proceedings of {{IEEE Global Communications Conference}} ({{GLOBECOM}} 2017)},
  author = {Chen, L. and Xu, J. and Zhou, S.},
  year = {2017},
  month = dec,
  pages = {1--6},
  doi = {10.1109/GLOCOM.2017.8255052}
}

@inproceedings{chen2017dynamica,
  title = {A Dynamic Two-Phase Schedule Strategy for Streaming Media Edge Cloud},
  booktitle = {Proceedings of 2017 29th {{Chinese Control And Decision Conference}} ({{CCDC}})},
  author = {Chen, Zewei and Wang, Zilei and Xi, Hongsheng},
  year = {2017},
  month = may,
  pages = {2281--2286},
  publisher = {{IEEE}},
  address = {{Chongqing, China}},
  doi = {10.1109/CCDC.2017.7978895},
  isbn = {978-1-5090-4657-7}
}

@inproceedings{chen2017empirical,
  title = {An {{Empirical Study}} of {{Latency}} in an {{Emerging Class}} of {{Edge Computing Applications}} for {{Wearable Cognitive Assistance}}},
  booktitle = {Proceedings of the {{Second ACM}}/{{IEEE Symposium}} on {{Edge Computing}}},
  author = {Chen, Zhuo and Hu, Wenlu and Wang, Junjue and Zhao, Siyan and Amos, Brandon and Wu, Guanhang and Ha, Kiryong and Elgazzar, Khalid and Pillai, Padmanabhan and Klatzky, Roberta and Siewiorek, Daniel and Satyanarayanan, Mahadev},
  year = {2017},
  pages = {14:1--14:14},
  publisher = {{ACM}},
  address = {{New York, NY, USA}},
  doi = {10.1145/3132211.3134458},
  isbn = {978-1-4503-5087-7},
  series = {{{SEC}} '17}
}

@inproceedings{chen2017socially,
  title = {Socially {{Trusted Collaborative Edge Computing}} in {{Ultra Dense Networks}}},
  booktitle = {Proceedings of the {{Second ACM}}/{{IEEE Symposium}} on {{Edge Computing}}},
  author = {Chen, Lixing and Xu, Jie},
  year = {2017},
  pages = {9:1--9:11},
  publisher = {{ACM}},
  address = {{New York, NY, USA}},
  doi = {10.1145/3132211.3134451},
  isbn = {978-1-4503-5087-7},
  series = {{{SEC}} '17}
}

@article{chen20185gzhongduojierubianyuanjisuandelianhebushujiagousheji,
  title = {{5G中多接入边缘计算的联合部署架构设计}},
  author = {陈, 昕 and 温, 向明 and 王, 鲁晗 and 路, 兆铭},
  year = {2018},
  volume = {41},
  pages = {86-91+97},
  issn = {1007-5321},
  journal = {北京邮电大学学报},
  language = {中文;},
  lccn = {11-3570/TN},
  number = {05}
}

@article{chen2018computation,
  title = {Computation {{Peer Offloading}} for {{Energy}}-{{Constrained Mobile Edge Computing}} in {{Small}}-{{Cell Networks}}},
  author = {Chen, L. and Zhou, S. and Xu, J.},
  year = {2018},
  month = aug,
  volume = {26},
  pages = {1619--1632},
  issn = {1063-6692},
  doi = {10.1109/TNET.2018.2841758},
  journal = {IEEE/ACM Transactions on Networking},
  number = {4}
}

@article{chen2018joint,
  title = {Joint {{Resource Allocation}} for {{Software}}-{{Defined Networking}}, {{Caching}}, and {{Computing}}},
  author = {Chen, Q. and Yu, F. R. and Huang, T. and Xie, R. and Liu, J. and Liu, Y.},
  year = {2018},
  month = feb,
  volume = {26},
  pages = {274--287},
  issn = {1063-6692},
  doi = {10.1109/TNET.2017.2782216},
  journal = {IEEE/ACM Transactions on Networking},
  number = {1}
}

@inproceedings{chen2018personalized,
  title = {Personalized Optimal Bicycle Trip Planning Based on {{Q}}-Learning Algorithm},
  booktitle = {2018 {{IEEE Wireless Communications}} and {{Networking Conference}} ({{WCNC}})},
  author = {Chen, Y. and Yan, W. and Li, C. and Huang, Y. and Yang, L.},
  year = {2018},
  month = apr,
  pages = {1--6},
  doi = {10.1109/WCNC.2018.8377056}
}

@article{chen2018quick,
  title = {{{QUICK}}: {{QoS}}-Guaranteed Efficient Cloudlet Placement in Wireless Metropolitan Area Networks},
  shorttitle = {{{QUICK}}},
  author = {Chen, Long and Wu, Jigang and Zhou, Gangqiang and Ma, Longjie},
  year = {2018},
  month = aug,
  volume = {74},
  pages = {4037--4059},
  issn = {1573-0484},
  doi = {10.1007/s11227-018-2412-8},
  journal = {The Journal of Supercomputing},
  language = {en},
  number = {8}
}

@inproceedings{chen2019datadriven,
  title = {Data-Driven {{Task Allocation}} for {{Multi}}-Task {{Transfer Learning}} on the {{Edge}}},
  booktitle = {2019 {{IEEE}} 39th {{International Conference}} on {{Distributed Computing Systems}} ({{ICDCS}})},
  author = {Chen, Qiong and Zheng, Zimu and Hu, Chuang and Wang, Dan and Liu, Fangming},
  year = {2019},
  month = jul,
  pages = {1040--1050},
  issn = {2575-8411, 1063-6927},
  doi = {10.1109/ICDCS.2019.00107}
}

@article{chen2019deep,
  title = {Deep {{Learning With Edge Computing}}: {{A Review}}},
  shorttitle = {Deep {{Learning With Edge Computing}}},
  author = {Chen, Jiasi and Ran, Xukan},
  year = {2019},
  month = aug,
  volume = {107},
  pages = {1655--1674},
  issn = {0018-9219, 1558-2256},
  doi = {10.1109/JPROC.2019.2921977},
  journal = {Proceedings of the IEEE},
  number = {8}
}

@article{chen2019dynamic,
  title = {A {{Dynamic Service Migration Mechanism}} in {{Edge Cognitive Computing}}},
  author = {Chen, Min and Li, Wei and Fortino, Giancarlo and Hao, Yixue and Hu, Long and Humar, Iztok},
  year = {2019},
  month = apr,
  volume = {19},
  pages = {30:1--30:15},
  issn = {1533-5399},
  doi = {10.1145/3239565},
  journal = {ACM Trans. Internet Technol.},
  number = {2}
}

@inproceedings{chen2019roundrobin,
  title = {Round-{{Robin Synchronization}}: {{Mitigating Communication Bottlenecks}} in {{Parameter Servers}}},
  shorttitle = {Round-{{Robin Synchronization}}},
  booktitle = {{{IEEE INFOCOM}} 2019 - {{IEEE Conference}} on {{Computer Communications}}},
  author = {Chen, C. and Wang, W. and Li, B.},
  year = {2019},
  month = apr,
  pages = {532--540},
  doi = {10.1109/INFOCOM.2019.8737587}
}

@inproceedings{chen2019task,
  title = {Task {{Replication}} for {{Vehicular Cloud}}: {{Contextual Combinatorial Bandit}} with {{Delayed Feedback}}},
  shorttitle = {Task {{Replication}} for {{Vehicular Cloud}}},
  booktitle = {{{IEEE INFOCOM}} 2019 - {{IEEE Conference}} on {{Computer Communications}}},
  author = {Chen, L. and Xu, J.},
  year = {2019},
  month = apr,
  pages = {748--756},
  doi = {10.1109/INFOCOM.2019.8737654}
}

@inproceedings{cheng2018vitrack,
  title = {{{ViTrack}}: {{Efficient Tracking}} on the {{Edge}} for {{Commodity Video Surveillance Systems}}},
  shorttitle = {{{ViTrack}}},
  booktitle = {{{IEEE INFOCOM}} 2018 - {{IEEE Conference}} on {{Computer Communications}}},
  author = {Cheng, L. and Wang, J.},
  year = {2018},
  month = apr,
  pages = {1052--1060},
  doi = {10.1109/INFOCOM.2018.8486353}
}

@inproceedings{cheng2019task,
  title = {Task {{Assignment Algorithms}} in {{Data Shared Mobile Edge Computing Systems}}},
  booktitle = {2019 {{IEEE}} 39th {{International Conference}} on {{Distributed Computing Systems}} ({{ICDCS}})},
  author = {Cheng, Siyao and Chen, Zhenyue and Li, Jianzhong and Gao, Hong},
  year = {2019},
  month = jul,
  pages = {997--1006},
  issn = {2575-8411, 1063-6927},
  doi = {10.1109/ICDCS.2019.00103}
}

@inproceedings{cohen2019accessa,
  title = {Access {{Strategies}} for {{Network Caching}}},
  booktitle = {{{IEEE INFOCOM}} 2019 - {{IEEE Conference}} on {{Computer Communications}}},
  author = {Cohen, I. and Einziger, G. and Friedman, R. and Scalosub, G.},
  year = {2019},
  month = apr,
  pages = {28--36},
  doi = {10.1109/INFOCOM.2019.8737427}
}

@article{contrerasmec,
  title = {{{MEC}} in {{5G}} Networks},
  author = {Contreras, Luis M and Fang, Yonggang and Featherstone, Walter and Frydman, Danny and Jiangping, Feng and Kim, Kwihoon and Kuure, Pekka and Li, Alice and Odgers, Andy and Purkayastha, Debashish and Ranjan, Anurag and Scarpina, Salvatore and Verin, Gianluca and Wen, Kuo-Wei},
  pages = {28},
  language = {en}
}

@inproceedings{courcoubetis2019throughput,
  title = {Throughput and {{Pricing}} of {{Ridesharing Systems}}},
  booktitle = {{{IEEE INFOCOM}} 2019 - {{IEEE Conference}} on {{Computer Communications}}},
  author = {Courcoubetis, C. and Dimakis, A.},
  year = {2019},
  month = apr,
  pages = {640--648},
  doi = {10.1109/INFOCOM.2019.8737561}
}

@article{cruz1991calculus,
  title = {A Calculus for Network Delay. {{I}}. {{Network}} Elements in Isolation},
  author = {Cruz, R.L.},
  year = {1991},
  month = jan,
  volume = {37},
  pages = {114--131},
  issn = {1557-9654},
  doi = {10.1109/18.61109},
  journal = {IEEE Transactions on Information Theory},
  number = {1}
}

@article{cruz1991calculusa,
  title = {A Calculus for Network Delay. {{II}}. {{Network}} Analysis},
  author = {Cruz, R.L.},
  year = {1991},
  month = jan,
  volume = {37},
  pages = {132--141},
  issn = {1557-9654},
  doi = {10.1109/18.61110},
  journal = {IEEE Transactions on Information Theory},
  number = {1}
}

@inproceedings{cuervo2010maui,
  title = {{{MAUI}}: {{Making Smartphones Last Longer}} with {{Code Offload}}},
  shorttitle = {{{MAUI}}},
  booktitle = {Proceedings of the 8th {{International Conference}} on {{Mobile Systems}}, {{Applications}}, and {{Services}}},
  author = {Cuervo, Eduardo and Balasubramanian, Aruna and Cho, Dae-ki and Wolman, Alec and Saroiu, Stefan and Chandra, Ranveer and Bahl, Paramvir},
  year = {2010},
  pages = {49--62},
  publisher = {{ACM}},
  address = {{San Francisco, California, USA}},
  doi = {10.1145/1814433.1814441},
  isbn = {978-1-60558-985-5},
  series = {{{MobiSys}} '10}
}

@article{cui2018diamond,
  title = {Diamond: {{Nesting}} the {{Data Center Network With Wireless Rings}} in 3-{{D Space}}},
  shorttitle = {Diamond},
  author = {Cui, Y. and Xiao, S. and Wang, X. and Yang, Z. and Yan, S. and Zhu, C. and Li, X. Y. and Ge, N.},
  year = {2018},
  month = feb,
  volume = {26},
  pages = {145--160},
  issn = {1063-6692},
  doi = {10.1109/TNET.2017.2773539},
  journal = {IEEE/ACM Transactions on Networking},
  number = {1}
}

@inproceedings{cziva2018dynamic,
  title = {Dynamic, {{Latency}}-{{Optimal vNF Placement}} at the {{Network Edge}}},
  booktitle = {{{IEEE INFOCOM}} 2018 - {{IEEE Conference}} on {{Computer Communications}}},
  author = {Cziva, R. and Anagnostopoulos, C. and Pezaros, D. P.},
  year = {2018},
  month = apr,
  pages = {693--701},
  doi = {10.1109/INFOCOM.2018.8486021}
}

@inproceedings{dacrema2019are,
  title = {Are {{We Really Making Much Progress}}? {{A Worrying Analysis}} of {{Recent Neural Recommendation Approaches}}},
  shorttitle = {Are {{We Really Making Much Progress}}?},
  booktitle = {Proceedings of the 13th {{ACM Conference}} on {{Recommender Systems}}},
  author = {Dacrema, Maurizio Ferrari and Cremonesi, Paolo and Jannach, Dietmar},
  year = {2019},
  pages = {101--109},
  publisher = {{ACM}},
  address = {{Copenhagen, Denmark}},
  doi = {10.1145/3298689.3347058},
  isbn = {978-1-4503-6243-6},
  series = {{{RecSys}} '19}
}

@article{dayarathna2016data,
  title = {Data {{Center Energy Consumption Modeling}}: {{A Survey}}},
  shorttitle = {Data {{Center Energy Consumption Modeling}}},
  author = {Dayarathna, M. and Wen, Y. and Fan, R.},
  year = {Firstquarter 2016},
  volume = {18},
  pages = {732--794},
  issn = {1553-877X},
  doi = {10.1109/COMST.2015.2481183},
  journal = {IEEE Communications Surveys Tutorials},
  number = {1}
}

@article{deng2018confident,
  title = {Confident {{Information Coverage Hole Healing}} in {{Hybrid Industrial Wireless Sensor Networks}}},
  author = {Deng, X. and Tang, Z. and Yang, L. T. and Lin, M. and Wang, B.},
  year = {2018},
  month = may,
  volume = {14},
  pages = {2220--2229},
  issn = {1551-3203},
  doi = {10.1109/TII.2017.2764038},
  journal = {IEEE Transactions on Industrial Informatics},
  number = {5}
}

@inproceedings{ding2017sam,
  title = {{{SAM}}: {{Cache}} Space Allocation in Collaborative Edge-Caching Network},
  shorttitle = {{{SAM}}},
  booktitle = {2017 {{IEEE International Conference}} on {{Communications}} ({{ICC}})},
  author = {Ding, Q. and Pang, H. and Sun, L.},
  year = {2017},
  month = may,
  pages = {1--6},
  doi = {10.1109/ICC.2017.7996701}
}

@article{ding2019beef,
  title = {Beef {{Up}} the {{Edge}}: {{Spectrum}}-{{Aware Placement}} of {{Edge Computing Services}} for the {{Internet}} of {{Things}}},
  shorttitle = {Beef {{Up}} the {{Edge}}},
  author = {Ding, Haichuan and Guo, Yuanxiong and Li, Xuanheng and Fang, Yuguang},
  year = {2019},
  month = dec,
  volume = {18},
  pages = {2783--2795},
  issn = {2161-9875},
  doi = {10.1109/TMC.2018.2883952},
  journal = {IEEE Transactions on Mobile Computing},
  number = {12}
}

@inproceedings{dong2013joint,
  title = {Joint Optimization of Power, Electricity Cost and Delay in {{IP}} over {{WDM}} Networks},
  booktitle = {Proceedings of {{IEEE International Conference}} on {{Communications}} ({{ICC}} 2013)},
  author = {Dong, X. and {El-Gorashi}, T. E. H. and Elmirghani, J. M. H.},
  year = {2013},
  month = jun,
  pages = {2370--2375},
  doi = {10.1109/ICC.2013.6654885}
}

@inproceedings{dong2017energyefficient,
  title = {An {{Energy}}-Efficient {{Offloading Framework}} with {{Predictable Temporal Correctness}}},
  booktitle = {Proceedings of the {{Second ACM}}/{{IEEE Symposium}} on {{Edge Computing}}},
  author = {Dong, Zheng and Liu, Yuchuan and Zhou, Husheng and Xiao, Xusheng and Gu, Yu and Zhang, Lingming and Liu, Cong},
  year = {2017},
  pages = {19:1--19:12},
  publisher = {{ACM}},
  address = {{New York, NY, USA}},
  doi = {10.1145/3132211.3134448},
  isbn = {978-1-4503-5087-7},
  series = {{{SEC}} '17}
}

@inproceedings{drolia2017precog,
  title = {Precog: {{PRefetching}} for {{Image RecogNition Applications}} at the {{Edge}}},
  shorttitle = {Precog},
  booktitle = {Proceedings of the {{Second ACM}}/{{IEEE Symposium}} on {{Edge Computing}}},
  author = {Drolia, Utsav and Guo, Katherine and Narasimhan, Priya},
  year = {2017},
  pages = {17:1--17:13},
  publisher = {{ACM}},
  address = {{New York, NY, USA}},
  doi = {10.1145/3132211.3134456},
  isbn = {978-1-4503-5087-7},
  series = {{{SEC}} '17}
}

@article{duan2016softwaredefined,
  title = {Software-Defined Network Virtualization: An Architectural Framework for Integrating {{SDN}} and {{NFV}} for Service Provisioning in Future Networks},
  shorttitle = {Software-Defined Network Virtualization},
  author = {Duan, Q. and Ansari, N. and Toy, M.},
  year = {2016},
  month = sep,
  volume = {30},
  pages = {10--16},
  issn = {0890-8044},
  doi = {10.1109/MNET.2016.7579021},
  journal = {IEEE Network},
  number = {5}
}

@inproceedings{duan2018modeling,
  title = {Modeling and {{Performance Analysis}} for {{Service Function Chaining}} in the {{SDN}}/{{NFV Architecture}}},
  booktitle = {2018 4th {{IEEE Conference}} on {{Network Softwarization}} and {{Workshops}} ({{NetSoft}})},
  author = {Duan, Q.},
  year = {2018},
  month = jun,
  pages = {476--481},
  doi = {10.1109/NETSOFT.2018.8460068}
}

@article{duapcentred,
  title = {An {{AP}}-{{Centred Smart Probabilistic Fingerprint System}} for {{Indoor Positioning}} (1570411294)},
  author = {Du, Xuan and Yang, Kun and Bisio, Igor and Lavagetto, Fabio and Sciarrone, Andrea},
  pages = {6},
  language = {en}
}

@article{duc2019machine,
  title = {Machine {{Learning Methods}} for {{Reliable Resource Provisioning}} in {{Edge}}-{{Cloud Computing}}: {{A Survey}}},
  shorttitle = {Machine {{Learning Methods}} for {{Reliable Resource Provisioning}} in {{Edge}}-{{Cloud Computing}}},
  author = {Duc, Thang Le and Leiva, Rafael Garc{\'i}a and Casari, Paolo and {\"O}stberg, Per-Olov},
  year = {2019},
  month = sep,
  volume = {52},
  pages = {94:1--94:39},
  issn = {0360-0300},
  doi = {10.1145/3341145},
  journal = {ACM Comput. Surv.},
  number = {5}
}

@article{elbamby2019wireless,
  title = {Wireless {{Edge Computing With Latency}} and {{Reliability Guarantees}}},
  author = {Elbamby, Mohammed S. and Perfecto, Cristina and Liu, Chen-Feng and Park, Jihong and Samarakoon, Sumudu and Chen, Xianfu and Bennis, Mehdi},
  year = {2019},
  month = aug,
  volume = {107},
  pages = {1717--1737},
  issn = {0018-9219, 1558-2256},
  doi = {10.1109/JPROC.2019.2917084},
  journal = {Proceedings of the IEEE},
  number = {8}
}

@inproceedings{elgazar2019enabling,
  title = {Enabling {{Seamless Container Migration}} in {{Edge Platforms}}},
  booktitle = {Proceedings of the 14th {{Workshop}} on {{Challenged Networks}}},
  author = {Elgazar, Ali E. and Harras, Khaled A.},
  year = {2019},
  pages = {1--6},
  publisher = {{ACM}},
  address = {{Los Cabos, Mexico}},
  doi = {10.1145/3349625.3355438},
  isbn = {978-1-4503-6933-6},
  series = {{{CHANTS}}'19}
}

@article{emmerich2018tutorial,
  title = {A Tutorial on Multiobjective Optimization: Fundamentals and Evolutionary Methods},
  shorttitle = {A Tutorial on Multiobjective Optimization},
  author = {Emmerich, Michael T. M. and Deutz, Andr{\'e} H.},
  year = {2018},
  month = sep,
  volume = {17},
  pages = {585--609},
  issn = {1572-9796},
  doi = {10.1007/s11047-018-9685-y},
  journal = {Natural Computing},
  language = {en},
  number = {3}
}

@inproceedings{fan2017cost,
  title = {Cost {{Aware}} Cloudlet {{Placement}} for Big Data Processing at the Edge},
  booktitle = {Proceedings of {{IEEE International Conference}} on {{Communications}} ({{ICC}} 2017)},
  author = {Fan, Q. and Ansari, N.},
  year = {2017},
  month = may,
  pages = {1--6},
  doi = {10.1109/ICC.2017.7996722}
}

@inproceedings{fang2018nestdnn,
  title = {{{NestDNN}}: {{Resource}}-{{Aware Multi}}-{{Tenant On}}-{{Device Deep Learning}} for {{Continuous Mobile Vision}}},
  shorttitle = {{{NestDNN}}},
  booktitle = {Proceedings of the 24th {{Annual International Conference}} on {{Mobile Computing}} and {{Networking}}},
  author = {Fang, Biyi and Zeng, Xiao and Zhang, Mi},
  year = {2018},
  pages = {115--127},
  publisher = {{ACM}},
  address = {{New York, NY, USA}},
  doi = {10.1145/3241539.3241559},
  isbn = {978-1-4503-5903-0},
  series = {{{MobiCom}} '18}
}

@inproceedings{farhadi2019service,
  title = {Service {{Placement}} and {{Request Scheduling}} for {{Data}}-Intensive {{Applications}} in {{Edge Clouds}}},
  booktitle = {{{IEEE INFOCOM}} 2019 - {{IEEE Conference}} on {{Computer Communications}}},
  author = {Farhadi, Vajiheh and Mehmeti, Fidan and He, Ting and Porta, Tom La and Khamfroush, Hana and Wang, Shiqiang and Chan, Kevin S},
  year = {2019},
  month = apr,
  pages = {1279--1287},
  issn = {2641-9874, 0743-166X},
  doi = {10.1109/INFOCOM.2019.8737368}
}

@article{farhady2015softwaredefined,
  title = {Software-{{Defined Networking}}: {{A}} Survey},
  shorttitle = {Software-{{Defined Networking}}},
  author = {Farhady, Hamid and Lee, HyunYong and Nakao, Akihiro},
  year = {2015},
  month = apr,
  volume = {81},
  pages = {79--95},
  issn = {1389-1286},
  doi = {10.1016/j.comnet.2015.02.014},
  journal = {Computer Networks}
}

@article{felfernig2017recommendation,
  title = {Recommendation {{Technologies}} for {{IoT Edge Devices}}},
  author = {Felfernig, Alexander and Erdeniz, Seda Polat and Jeran, Michael and Akcay, Arda and Azzoni, Paolo and Maiero, Matteo and Doukas, Charalampos},
  year = {2017},
  month = jan,
  volume = {110},
  pages = {504--509},
  issn = {1877-0509},
  doi = {10.1016/j.procs.2017.06.135},
  journal = {Procedia Computer Science},
  series = {14th {{International Conference}} on {{Mobile Systems}} and {{Pervasive Computing}} ({{MobiSPC}} 2017) / 12th {{International Conference}} on {{Future Networks}} and {{Communications}} ({{FNC}} 2017) / {{Affiliated Workshops}}}
}

@inproceedings{fernando2019live,
  title = {Live {{Migration Ate My VM}}: {{Recovering}} a {{Virtual Machine}} after {{Failure}} of {{Post}}-{{Copy Live Migration}}},
  shorttitle = {Live {{Migration Ate My VM}}},
  booktitle = {{{IEEE INFOCOM}} 2019 - {{IEEE Conference}} on {{Computer Communications}}},
  author = {Fernando, D. and Terner, J. and Gopalan, K. and Yang, P.},
  year = {2019},
  month = apr,
  pages = {343--351},
  doi = {10.1109/INFOCOM.2019.8737452}
}

@inproceedings{fidler2003extending,
  title = {Extending the {{Network Calculus Pay Bursts Only Once Principle}} to {{Aggregate Scheduling}}},
  booktitle = {Quality of {{Service}} in {{Multiservice IP Networks}}},
  author = {Fidler, Markus},
  editor = {Marsan, Marco Ajmone and Corazza, Giorgio and Listanti, Marco and Roveri, Aldo},
  year = {2003},
  pages = {19--34},
  publisher = {{Springer}},
  address = {{Berlin, Heidelberg}},
  doi = {10.1007/3-540-36480-3_2},
  isbn = {978-3-540-36480-1},
  language = {en},
  series = {Lecture {{Notes}} in {{Computer Science}}}
}

@article{fidler2015guide,
  title = {A {{Guide}} to the {{Stochastic Network Calculus}}},
  author = {Fidler, Markus and Rizk, Amr},
  year = {Firstquarter 2015},
  volume = {17},
  pages = {92--105},
  issn = {2373-745X},
  doi = {10.1109/COMST.2014.2337060},
  journal = {IEEE Communications Surveys Tutorials},
  number = {1}
}

@inproceedings{frangoudis2018service,
  title = {Service Migration versus Service Replication in {{Multi}}-Access {{Edge Computing}}},
  booktitle = {2018 14th {{International Wireless Communications Mobile Computing Conference}} ({{IWCMC}})},
  author = {Frangoudis, P. A. and Ksentini, A.},
  year = {2018},
  month = jun,
  pages = {124--129},
  doi = {10.1109/IWCMC.2018.8450284}
}

@article{fu2018every,
  title = {Every {{Timestamp Counts}}: {{Accurate Tracking}} of {{Network Latencies Using Reconcilable Difference Aggregator}}},
  shorttitle = {Every {{Timestamp Counts}}},
  author = {Fu, Y. and {Barlet-Ros}, P. and Li, D.},
  year = {2018},
  month = feb,
  volume = {26},
  pages = {90--103},
  issn = {1063-6692},
  doi = {10.1109/TNET.2017.2762328},
  journal = {IEEE/ACM Transactions on Networking},
  number = {1}
}

@article{fuerst2018kraken,
  title = {Kraken: {{Online}} and {{Elastic Resource Reservations}} for {{Cloud Datacenters}}},
  shorttitle = {Kraken},
  author = {Fuerst, C. and Schmid, S. and Suresh, L. and Costa, P.},
  year = {2018},
  month = feb,
  volume = {26},
  pages = {422--435},
  issn = {1063-6692},
  doi = {10.1109/TNET.2017.2782006},
  journal = {IEEE/ACM Transactions on Networking},
  number = {1}
}

@article{fuhrmann1985stochastic,
  title = {Stochastic {{Decompositions}} in the {{M}}/{{G}}/1 {{Queue}} with {{Generalized Vacations}}},
  author = {Fuhrmann, S. W. and Cooper, Robert B.},
  year = {1985},
  month = oct,
  volume = {33},
  pages = {1117--1129},
  issn = {0030-364X},
  doi = {10.1287/opre.33.5.1117},
  journal = {Operations Research},
  number = {5}
}

@article{gabry2016energyefficient,
  title = {On {{Energy}}-{{Efficient Edge Caching}} in {{Heterogeneous Networks}}},
  author = {Gabry, F. and Bioglio, V. and Land, I.},
  year = {2016},
  month = dec,
  volume = {34},
  pages = {3288--3298},
  issn = {0733-8716},
  doi = {10.1109/JSAC.2016.2611845},
  journal = {IEEE Journal on Selected Areas in Communications},
  number = {12}
}

@inproceedings{gao2019deep,
  title = {Deep {{Reinforcement Learning Based Service Migration Strategy}} for {{Edge Computing}}},
  booktitle = {2019 {{IEEE International Conference}} on {{Service}}-{{Oriented System Engineering}} ({{SOSE}})},
  author = {Gao, Z. and Jiao, Q. and Xiao, K. and Wang, Q. and Mo, Z. and Yang, Y.},
  year = {2019},
  month = apr,
  pages = {116--1165},
  doi = {10.1109/SOSE.2019.00025}
}

@inproceedings{gao2019winning,
  title = {Winning at the {{Starting Line}}: {{Joint Network Selection}} and {{Service Placement}} for {{Mobile Edge Computing}}},
  shorttitle = {Winning at the {{Starting Line}}},
  booktitle = {{{IEEE INFOCOM}} 2019 - {{IEEE Conference}} on {{Computer Communications}}},
  author = {Gao, Bin and Zhou, Zhi and Liu, Fangming and Xu, Fei},
  year = {2019},
  month = apr,
  pages = {1459--1467},
  issn = {2641-9874, 0743-166X},
  doi = {10.1109/INFOCOM.2019.8737543}
}

@article{garcia-saavedra2018joint,
  title = {Joint {{Optimization}} of {{Edge Computing Architectures}} and {{Radio Access Networks}}},
  author = {{Garcia-Saavedra}, A. and Iosifidis, G. and {Costa-Perez}, X. and Leith, D. J.},
  year = {2018},
  month = nov,
  volume = {36},
  pages = {2433--2443},
  issn = {0733-8716},
  doi = {10.1109/JSAC.2018.2874142},
  journal = {IEEE Journal on Selected Areas in Communications},
  number = {11}
}

@article{garmehi2014economic,
  title = {An Economic Replica Placement Mechanism for Streaming Content Distribution in {{Hybrid CDN}}-{{P2P}} Networks},
  author = {Garmehi, Mehran and Analoui, Morteza and Pathan, Mukaddim and Buyya, Rajkumar},
  year = {2014},
  month = oct,
  volume = {52},
  pages = {60--70},
  issn = {0140-3664},
  doi = {10.1016/j.comcom.2014.06.007},
  journal = {Computer Communications}
}

@inproceedings{geng2018energyefficient,
  title = {Energy-{{Efficient Computation Offloading}} for {{Multicore}}-{{Based Mobile Devices}}},
  booktitle = {Proceedings of {{IEEE Conference}} on {{Computer Communications}} ({{INFOCOM}} 2018)},
  author = {Geng, Y. and Yang, Y. and Cao, G.},
  year = {2018},
  month = apr,
  pages = {46--54},
  doi = {10.1109/INFOCOM.2018.8485875}
}

@inproceedings{geyer2019deeptma,
  title = {{{DeepTMA}}: {{Predicting Effective Contention Models}} for {{Network Calculus}} Using {{Graph Neural Networks}}},
  shorttitle = {{{DeepTMA}}},
  booktitle = {{{IEEE INFOCOM}} 2019 - {{IEEE Conference}} on {{Computer Communications}}},
  author = {Geyer, Fabien and Bondorf, Steffen},
  year = {2019},
  month = apr,
  pages = {1009--1017},
  issn = {0743-166X},
  doi = {10.1109/INFOCOM.2019.8737496}
}

@article{ghazvini2013game,
  title = {Game {{Theory Applications}} in {{CSMA Methods}}},
  author = {Ghazvini, M. and Movahedinia, N. and Jamshidi, K. and Moghim, N.},
  year = {Third 2013},
  volume = {15},
  pages = {1062--1087},
  doi = {10.1109/SURV.2012.111412.00167},
  journal = {IEEE Communications Surveys Tutorials},
  number = {3}
}

@article{ghomi2019applying,
  title = {Applying Queue Theory for Modeling of Cloud Computing: {{A}} Systematic Review},
  shorttitle = {Applying Queue Theory for Modeling of Cloud Computing},
  author = {Ghomi, Einollah Jafarnejad and Rahmani, Amir Masoud and Qader, Nooruldeen Nasih},
  year = {2019},
  volume = {31},
  pages = {e5186},
  issn = {1532-0634},
  doi = {10.1002/cpe.5186},
  copyright = {\textcopyright{} 2019 John Wiley \& Sons, Ltd.},
  journal = {Concurrency and Computation: Practice and Experience},
  language = {en},
  number = {17}
}

@article{gil-costa2018graphbased,
  title = {A Graph-Based Cache for Large-Scale Similarity Search Engines},
  author = {{Gil-Costa}, Veronica and Marin, Mauricio and Bonacic, Carolina and Solar, Roberto},
  year = {2018},
  month = may,
  volume = {74},
  pages = {2006--2034},
  issn = {0920-8542, 1573-0484},
  doi = {10.1007/s11227-017-2207-3},
  journal = {The Journal of Supercomputing},
  language = {en},
  number = {5}
}

@article{giust2018multiaccess,
  title = {Multi-{{Access Edge Computing}}: {{The Driver Behind}} the {{Wheel}} of {{5G}}-{{Connected Cars}}},
  shorttitle = {Multi-{{Access Edge Computing}}},
  author = {Giust, F. and Sciancalepore, V. and Sabella, D. and Filippou, M. C. and Mangiante, S. and Featherstone, W. and Munaretto, D.},
  year = {2018},
  month = sep,
  volume = {2},
  pages = {66--73},
  issn = {2471-2825},
  doi = {10.1109/MCOMSTD.2018.1800013},
  journal = {IEEE Communications Standards Magazine},
  number = {3}
}

@article{gonzalez2018dependability,
  title = {Dependability of the {{NFV Orchestrator}}: {{State}} of the {{Art}} and {{Research Challenges}}},
  shorttitle = {Dependability of the {{NFV Orchestrator}}},
  author = {Gonzalez, A. J. and Nencioni, G. and Kamisi{\'n}ski, A. and Helvik, B. E. and Heegaard, P. E.},
  year = {Fourthquarter 2018},
  volume = {20},
  pages = {3307--3329},
  issn = {1553-877X},
  doi = {10.1109/COMST.2018.2830648},
  journal = {IEEE Communications Surveys Tutorials},
  number = {4}
}

@article{goumagias2018using,
  title = {Using Deep {{Q}}-Learning to Understand the Tax Evasion Behavior of Risk-Averse Firms},
  author = {Goumagias, Nikolaos D. and {Hristu-Varsakelis}, Dimitrios and Assael, Yannis M.},
  year = {2018},
  month = jul,
  volume = {101},
  pages = {258--270},
  issn = {0957-4174},
  doi = {10.1016/j.eswa.2018.01.039},
  journal = {Expert Systems with Applications}
}

@inproceedings{govindaraj2018container,
  title = {Container {{Live Migration}} for {{Latency Critical Industrial Applications}} on {{Edge Computing}}},
  booktitle = {2018 {{IEEE}} 23rd {{International Conference}} on {{Emerging Technologies}} and {{Factory Automation}} ({{ETFA}})},
  author = {Govindaraj, K. and Artemenko, A.},
  year = {2018},
  month = sep,
  volume = {1},
  pages = {83--90},
  doi = {10.1109/ETFA.2018.8502659}
}

@inproceedings{gu2019deep,
  title = {Deep {{Reinforcement Learning Based VNF Management}} in {{Geo}}-Distributed {{Edge Computing}}},
  booktitle = {2019 {{IEEE}} 39th {{International Conference}} on {{Distributed Computing Systems}} ({{ICDCS}})},
  author = {Gu, Lin and Zeng, Deze and Li, Wei and Guo, Song and Zomaya, Albert and Jin, Hai},
  year = {2019},
  month = jul,
  pages = {934--943},
  issn = {2575-8411, 1063-6927},
  doi = {10.1109/ICDCS.2019.00097}
}

@inproceedings{guerrero-contreras2015dynamic,
  title = {Dynamic {{Replication}} and {{Deployment}} of {{Services}} in {{Mobile Environments}}},
  booktitle = {Proceedings of {{New Contributions}} in {{Information Systems}} and {{Technologies}}},
  author = {{Guerrero-Contreras}, Gabriel and {Rodr{\'i}guez-Dom{\'i}nguez}, Carlos and {Balderas-D{\'i}az}, Sara and Garrido, Jos{\'e} Luis},
  editor = {Rocha, Alvaro and Correia, Ana Maria and Costanzo, Sandra and Reis, Luis Paulo},
  year = {2015},
  pages = {855--864},
  publisher = {{Springer International Publishing}},
  isbn = {978-3-319-16486-1},
  language = {en},
  series = {Advances in {{Intelligent Systems}} and {{Computing}}}
}

@article{gunantara2018review,
  title = {A Review of Multi-Objective Optimization: {{Methods}} and Its Applications},
  shorttitle = {A Review of Multi-Objective Optimization},
  author = {Gunantara, Nyoman},
  editor = {Ai, Qingsong},
  year = {2018},
  month = jan,
  volume = {5},
  pages = {1502242},
  issn = {null},
  doi = {10.1080/23311916.2018.1502242},
  journal = {Cogent Engineering},
  number = {1}
}

@inproceedings{guo2017caching,
  title = {Caching in {{Base Station}} with {{Recommendation}} via {{Q}}-{{Learning}}},
  booktitle = {2017 {{IEEE Wireless Communications}} and {{Networking Conference}} ({{WCNC}})},
  author = {Guo, K. and Yang, C. and Liu, T.},
  year = {2017},
  month = mar,
  pages = {1--6},
  doi = {10.1109/WCNC.2017.7925848}
}

@article{guo2018energy,
  title = {Energy {{Efficiency Maximization}} in {{Mobile Wireless Energy Harvesting Sensor Networks}}},
  author = {Guo, S. and Shi, Y. and Yang, Y. and Xiao, B.},
  year = {2018},
  month = jul,
  volume = {17},
  pages = {1524--1537},
  issn = {1536-1233},
  doi = {10.1109/TMC.2017.2773067},
  journal = {IEEE Transactions on Mobile Computing},
  number = {7}
}

@inproceedings{guo2018foggycache,
  title = {{{FoggyCache}}: {{Cross}}-{{Device Approximate Computation Reuse}}},
  shorttitle = {{{FoggyCache}}},
  booktitle = {Proceedings of the 24th {{Annual International Conference}} on {{Mobile Computing}} and {{Networking}}},
  author = {Guo, Peizhen and Hu, Bo and Li, Rui and Hu, Wenjun},
  year = {2018},
  pages = {19--34},
  publisher = {{ACM}},
  address = {{New York, NY, USA}},
  doi = {10.1145/3241539.3241557},
  isbn = {978-1-4503-5903-0},
  series = {{{MobiCom}} '18}
}

@article{guo2018resource,
  title = {Resource {{Modeling}} and {{Scheduling}} for {{Mobile Edge Computing}}: {{A Service Provider}}'s {{Perspective}}},
  shorttitle = {Resource {{Modeling}} and {{Scheduling}} for {{Mobile Edge Computing}}},
  author = {Guo, S. and Wu, D. and Zhang, H. and Yuan, D.},
  year = {2018},
  volume = {6},
  pages = {35611--35623},
  issn = {2169-3536},
  doi = {10.1109/ACCESS.2018.2851392},
  journal = {IEEE Access}
}

@article{guo2019energyefficient,
  title = {Energy-{{Efficient Dynamic Computation Offloading}} and {{Cooperative Task Scheduling}} in {{Mobile Cloud Computing}}},
  author = {Guo, S. and Liu, J. and Yang, Y. and Xiao, B. and Li, Z.},
  year = {2019},
  month = feb,
  volume = {18},
  pages = {319--333},
  issn = {1536-1233},
  doi = {10.1109/TMC.2018.2831230},
  journal = {IEEE Transactions on Mobile Computing},
  number = {2}
}

@article{ha2015adaptive,
  title = {Adaptive {{VM Handoff Across Cloudlets}}},
  author = {Ha, Kiryong and Abe, Yoshihisa and Chen, Zhuo and Hu, Wenlu and Amos, Brandon and Pillai, Padmanabhan and Satyanarayanan, Mahadev},
  year = {2015}
}

@inproceedings{ha2017webbased,
  title = {A Web-Based Service Deployment Method to Edge Devices in Smart Factory Exploiting {{Docker}}},
  booktitle = {2017 {{International Conference}} on {{Information}} and {{Communication Technology Convergence}} ({{ICTC}})},
  author = {Ha, J. and Kim, J. and Park, H. and Lee, J. and Jo, H. and Kim, H. and Jang, J.},
  year = {2017},
  month = oct,
  pages = {708--710},
  doi = {10.1109/ICTC.2017.8190760}
}

@inproceedings{ha2017webbaseda,
  title = {A Web-Based Service Deployment Method to Edge Devices in Smart Factory Exploiting {{Docker}}},
  booktitle = {2017 {{International Conference}} on {{Information}} and {{Communication Technology Convergence}} ({{ICTC}})},
  author = {Ha, J. and Kim, J. and Park, H. and Lee, J. and Jo, H. and Kim, H. and Jang, J.},
  year = {2017},
  month = oct,
  pages = {708--710},
  doi = {10.1109/ICTC.2017.8190760}
}

@inproceedings{hadzic2017edge,
  title = {Edge {{Computing}} in the {{ePC}}: {{A Reality Check}}},
  shorttitle = {Edge {{Computing}} in the {{ePC}}},
  booktitle = {Proceedings of the {{Second ACM}}/{{IEEE Symposium}} on {{Edge Computing}}},
  author = {Had{\v z}i{\'c}, Ilija and Abe, Yoshihisa and Woithe, Hans C.},
  year = {2017},
  pages = {13:1--13:10},
  publisher = {{ACM}},
  address = {{New York, NY, USA}},
  doi = {10.1145/3132211.3134449},
  isbn = {978-1-4503-5087-7},
  series = {{{SEC}} '17}
}

@article{halpern2007computer,
  title = {Computer {{Science}} and {{Game Theory}}: {{A Brief Survey}}},
  shorttitle = {Computer {{Science}} and {{Game Theory}}},
  author = {Halpern, Joseph Y.},
  year = {2007},
  month = mar,
  archivePrefix = {arXiv},
  eprint = {cs/0703148},
  eprinttype = {arxiv},
  journal = {arXiv:cs/0703148}
}

@inproceedings{hasan2014tradeoffs,
  title = {Trade-Offs in Optimizing the Cache Deployments of {{CDNs}}},
  booktitle = {{{IEEE INFOCOM}} 2014 - {{IEEE Conference}} on {{Computer Communications}}},
  author = {Hasan, S. and Gorinsky, S. and Dovrolis, C. and Sitaraman, R. K.},
  year = {2014},
  month = apr,
  pages = {460--468},
  doi = {10.1109/INFOCOM.2014.6847969}
}

@article{hatemsimulation,
  title = {Simulation of the Navigation of a Mobile Robot by the {{Q}}- {{Learning}} Using Artificial Neuron Networks},
  author = {Hatem, Mezaache and Foudil, Abdessemed},
  pages = {12},
  language = {en}
}

@article{he2019gametheoretical,
  title = {A {{Game}}-{{Theoretical Approach}} for {{User Allocation}} in {{Edge Computing Environment}}},
  author = {He, Qiang and Cui, Guangming and Zhang, Xuyun and Chen, Feifei and Deng, Shuiguang and Jin, Hai and Li, Yanhui and Yang, Yun},
  year = {2019},
  pages = {1--1},
  issn = {1045-9219, 1558-2183, 2161-9883},
  doi = {10.1109/TPDS.2019.2938944},
  journal = {IEEE Transactions on Parallel and Distributed Systems},
  language = {en}
}

@article{hong2019resource,
  title = {Resource {{Management}} in {{Fog}}/{{Edge Computing}}: {{A Survey}} on {{Architectures}}, {{Infrastructure}}, and {{Algorithms}}},
  shorttitle = {Resource {{Management}} in {{Fog}}/{{Edge Computing}}},
  author = {Hong, Cheol-Ho and Varghese, Blesson},
  year = {2019},
  month = sep,
  volume = {52},
  pages = {97:1--97:37},
  issn = {0360-0300},
  doi = {10.1145/3326066},
  journal = {ACM Comput. Surv.},
  number = {5}
}

@inproceedings{horii2018stateful,
  title = {Stateful Process Migration for Edge Computing Applications},
  booktitle = {2018 {{IEEE Wireless Communications}} and {{Networking Conference}} ({{WCNC}})},
  author = {Horii, M. and Kojima, Y. and Fukuda, K.},
  year = {2018},
  month = apr,
  pages = {1--6},
  doi = {10.1109/WCNC.2018.8377072}
}

@article{hou2018proactive,
  title = {Proactive Content Caching by Exploiting Transfer Learning for Mobile Edge Computing},
  author = {Hou, Tingting and Feng, Gang and Qin, Shuang and Jiang, Wei},
  year = {2018},
  volume = {31},
  pages = {e3706},
  issn = {1099-1131},
  doi = {10.1002/dac.3706},
  copyright = {Copyright \textcopyright{} 2018 John Wiley \& Sons, Ltd.},
  journal = {International Journal of Communication Systems},
  language = {en},
  number = {11}
}

@article{hsieh20185g,
  title = {{{5G Virtualized Multi}}-Access {{Edge Computing Platform}} for {{IoT Applications}}},
  author = {Hsieh, Han-Chuan and Chen, Jiann-Liang and Benslimane, Abderrahim},
  year = {2018},
  month = aug,
  volume = {115},
  pages = {94--102},
  issn = {10848045},
  doi = {10.1016/j.jnca.2018.05.001},
  journal = {Journal of Network and Computer Applications},
  language = {en}
}

@inproceedings{hu2018enabling,
  title = {Enabling {{Efficient Network Service Function Chain Deployment}} on {{Heterogeneous Server Platform}}},
  booktitle = {2018 {{IEEE International Symposium}} on {{High Performance Computer Architecture}} ({{HPCA}})},
  author = {Hu, Y. and Li, T.},
  year = {2018},
  month = feb,
  pages = {27--39},
  doi = {10.1109/HPCA.2018.00013}
}

@inproceedings{hu2019linkshare,
  title = {{{LinkShare}}: {{Device}}-Centric {{Control}} for {{Concurrent}} and {{Continuous Mobile}}-Cloud {{Interactions}}},
  shorttitle = {{{LinkShare}}},
  booktitle = {Proceedings of the 4th {{ACM}}/{{IEEE Symposium}} on {{Edge Computing}}},
  author = {Hu, Bo and Hu, Wenjun},
  year = {2019},
  pages = {15--29},
  publisher = {{ACM}},
  address = {{Arlington, Virginia}},
  doi = {10.1145/3318216.3363303},
  isbn = {978-1-4503-6733-2},
  series = {{{SEC}} '19}
}

@inproceedings{hwangnamkim2004network,
  title = {Network Calculus Based Simulation for {{TCP}} Congestion Control: Theorems, Implementation and Evaluation},
  shorttitle = {Network Calculus Based Simulation for {{TCP}} Congestion Control},
  booktitle = {{{IEEE INFOCOM}} 2004},
  author = {Hwangnam Kim and Hou, J.C.},
  year = {2004},
  month = mar,
  volume = {4},
  pages = {2844-2855 vol.4},
  issn = {0743-166X},
  doi = {10.1109/INFCOM.2004.1354701}
}

@inproceedings{im2018snncache,
  title = {{{SNN}}-Cache: {{A}} Practical Machine Learning-Based Caching System Utilizing the Inter-Relationships of Requests},
  shorttitle = {{{SNN}}-Cache},
  booktitle = {2018 52nd {{Annual Conference}} on {{Information Sciences}} and {{Systems}} ({{CISS}})},
  author = {Im, Y. and Prahladan, P. and Kim, T. H. and Hong, Y. G. and Ha, S.},
  year = {2018},
  month = mar,
  pages = {1--6},
  doi = {10.1109/CISS.2018.8362281}
}

@article{jaber20165g,
  title = {{{5G Backhaul Challenges}} and {{Emerging Research Directions}}: {{A Survey}}},
  shorttitle = {{{5G Backhaul Challenges}} and {{Emerging Research Directions}}},
  author = {Jaber, M. and Imran, M. A. and Tafazolli, R. and Tukmanov, A.},
  year = {2016},
  volume = {4},
  pages = {1743--1766},
  issn = {2169-3536},
  doi = {10.1109/ACCESS.2016.2556011},
  journal = {IEEE Access}
}

@article{jaber2018wireless,
  title = {Wireless {{Backhaul}}: {{Performance Modeling}} and {{Impact}} on {{User Association}} for {{5G}}},
  shorttitle = {Wireless {{Backhaul}}},
  author = {Jaber, M. and {Lopez-Martinez}, F. J. and Imran, M. A. and Sutton, A. and Tukmanov, A. and Tafazolli, R.},
  year = {2018},
  month = may,
  volume = {17},
  pages = {3095--3110},
  issn = {1536-1276},
  doi = {10.1109/TWC.2018.2806456},
  journal = {IEEE Transactions on Wireless Communications},
  number = {5}
}

@article{jain2017cooperative,
  title = {Cooperative {{Multi}}-{{Agent Reinforcement Learning}}-{{Based Co}}-Optimization of {{Cores}}, {{Caches}}, and {{On}}-Chip {{Network}}},
  author = {Jain, Rahul and Panda, Preeti Ranjan and Subramoney, Sreenivas},
  year = {2017},
  month = nov,
  volume = {14},
  pages = {32:1--32:25},
  issn = {1544-3566},
  doi = {10.1145/3132170},
  journal = {ACM Trans. Archit. Code Optim.},
  number = {4}
}

@article{jang2017joint,
  title = {Joint {{Optimization}} of {{Service Function Placement}} and {{Flow Distribution}} for {{Service Function Chaining}}},
  author = {Jang, I. and Suh, D. and Pack, S. and D{\'a}n, G.},
  year = {2017},
  month = nov,
  volume = {35},
  pages = {2532--2541},
  issn = {0733-8716},
  doi = {10.1109/JSAC.2017.2760162},
  journal = {IEEE Journal on Selected Areas in Communications},
  number = {11}
}

@inproceedings{jararweh2016future,
  title = {The Future of Mobile Cloud Computing: {{Integrating}} Cloudlets and {{Mobile Edge Computing}}},
  shorttitle = {The Future of Mobile Cloud Computing},
  booktitle = {2016 23rd {{International Conference}} on {{Telecommunications}} ({{ICT}})},
  author = {Jararweh, Y. and Doulat, A. and AlQudah, O. and Ahmed, E. and {Al-Ayyoub}, M. and Benkhelifa, E.},
  year = {2016},
  month = may,
  pages = {1--5},
  doi = {10.1109/ICT.2016.7500486}
}

@article{jia2017optimal,
  title = {Optimal {{Cloudlet Placement}} and {{User}} to {{Cloudlet Allocation}} in {{Wireless Metropolitan Area Networks}}},
  author = {Jia, M. and Cao, J. and Liang, W.},
  year = {2017},
  month = oct,
  volume = {5},
  pages = {725--737},
  issn = {2168-7161},
  doi = {10.1109/TCC.2015.2449834},
  journal = {IEEE Transactions on Cloud Computing},
  number = {4}
}

@inproceedings{jiang2010network,
  title = {Network Calculus and Queueing Theory: Two Sides of One Coin: Invited Paper},
  shorttitle = {Network Calculus and Queueing Theory},
  booktitle = {4th {{International ICST Conference}} on {{Performance Evaluation Methodologies}} and {{Tools}}},
  author = {Jiang, Yuming},
  year = {2010},
  month = may,
  isbn = {978-963-9799-70-7}
}

@article{jin2018cooperative,
  title = {Cooperative Storage by Exploiting Graph-Based Data Placement Algorithm for Edge Computing Environment},
  author = {Jin, Jiahui and Li, Yunhao and Luo, Junzhou},
  year = {2018},
  month = oct,
  volume = {30},
  pages = {e4914},
  issn = {1532-0634},
  doi = {10.1002/cpe.4914},
  copyright = {\textcopyright{} 2018 John Wiley \& Sons, Ltd.},
  journal = {Concurrency and Computation: Practice and Experience},
  language = {en},
  number = {20}
}

@inproceedings{john2013research,
  title = {Research {{Directions}} in {{Network Service Chaining}}},
  booktitle = {2013 {{IEEE SDN}} for {{Future Networks}} and {{Services}} ({{SDN4FNS}})},
  author = {John, W. and Pentikousis, K. and Agapiou, G. and Jacob, E. and Kind, M. and Manzalini, A. and Risso, F. and Staessens, D. and Steinert, R. and Meirosu, C.},
  year = {2013},
  month = nov,
  pages = {1--7},
  doi = {10.1109/SDN4FNS.2013.6702549}
}

@inproceedings{junior2016parallelism,
  title = {Parallelism and {{Scalability}}: {{A Solution Focused}} on the {{Cloud Computing Processing Service Billing}}},
  shorttitle = {Parallelism and {{Scalability}}},
  booktitle = {Proceedings of {{International Symposium}} on {{Computer Architecture}} and {{High Performance Computing Workshops}} ({{SBAC}}-{{PADW}} 2016)},
  author = {Junior, E. M. De Sousa and Sardina, I. M. and Lopes, F.},
  year = {2016},
  month = oct,
  pages = {31--36},
  doi = {10.1109/SBAC-PADW.2016.14}
}

@inproceedings{kafaie2016throughput,
  title = {Throughput {{Analysis}} of {{Network Coding}} in {{Multi}}-{{Hop Wireless Mesh Networks Using Queueing Theory}}},
  booktitle = {2016 {{IEEE Global Communications Conference}} ({{GLOBECOM}})},
  author = {Kafaie, Somayeh and Ahmed, Mohamed H. and Chen, Yuanzhu and Dobre, Octavia A.},
  year = {2016},
  month = dec,
  pages = {1--6},
  doi = {10.1109/GLOCOM.2016.7842325}
}

@article{kairouz2019advances,
  title = {Advances and {{Open Problems}} in {{Federated Learning}}},
  author = {Kairouz, Peter and McMahan, H. Brendan and Avent, Brendan and Bellet, Aur{\'e}lien and Bennis, Mehdi and Bhagoji, Arjun Nitin and Bonawitz, Keith and Charles, Zachary and Cormode, Graham and Cummings, Rachel and D'Oliveira, Rafael G. L. and Rouayheb, Salim El and Evans, David and Gardner, Josh and Garrett, Zachary and Gasc{\'o}n, Adri{\`a} and Ghazi, Badih and Gibbons, Phillip B. and Gruteser, Marco and Harchaoui, Zaid and He, Chaoyang and He, Lie and Huo, Zhouyuan and Hutchinson, Ben and Hsu, Justin and Jaggi, Martin and Javidi, Tara and Joshi, Gauri and Khodak, Mikhail and Kone{\v c}n{\'y}, Jakub and Korolova, Aleksandra and Koushanfar, Farinaz and Koyejo, Sanmi and Lepoint, Tancr{\`e}de and Liu, Yang and Mittal, Prateek and Mohri, Mehryar and Nock, Richard and {\"O}zg{\"u}r, Ayfer and Pagh, Rasmus and Raykova, Mariana and Qi, Hang and Ramage, Daniel and Raskar, Ramesh and Song, Dawn and Song, Weikang and Stich, Sebastian U. and Sun, Ziteng and Suresh, Ananda Theertha and Tram{\`e}r, Florian and Vepakomma, Praneeth and Wang, Jianyu and Xiong, Li and Xu, Zheng and Yang, Qiang and Yu, Felix X. and Yu, Han and Zhao, Sen},
  year = {2019},
  month = dec,
  archivePrefix = {arXiv},
  eprint = {1912.04977},
  eprinttype = {arxiv},
  journal = {arXiv:1912.04977 [cs, stat]},
  language = {en},
  primaryClass = {cs, stat}
}

@inproceedings{kamarainen2018cloudvr,
  title = {{{CloudVR}}: {{Cloud Accelerated Interactive Mobile Virtual Reality}}},
  shorttitle = {{{CloudVR}}},
  booktitle = {Proceedings of the 26th {{ACM International Conference}} on {{Multimedia}}},
  author = {K{\"a}m{\"a}r{\"a}inen, Teemu and Siekkinen, Matti and Eerik{\"a}inen, Jukka and {Yl{\"a}-J{\"a}{\"a}ski}, Antti},
  year = {2018},
  pages = {1181--1189},
  publisher = {{ACM}},
  address = {{Seoul, Republic of Korea}},
  doi = {10.1145/3240508.3240620},
  isbn = {978-1-4503-5665-7},
  series = {{{MM}} '18}
}

@inproceedings{kanda2018dynamic,
  title = {Dynamic Resource Control Method Based on Real World Representation with Potential Field},
  booktitle = {Proceedings of 2018 15th {{IEEE Annual Consumer Communications}} \& {{Networking Conference}} ({{CCNC}})},
  author = {Kanda, Koudai and Arakawa, Shin'ichi and Imai, Satoshi and Katagiri, Toru and Sekiya, Motoyoshi and Murata, Masayuki},
  year = {2018},
  month = jan,
  pages = {1--6},
  publisher = {{IEEE}},
  address = {{Las Vegas, NV}},
  doi = {10.1109/CCNC.2018.8319202},
  isbn = {978-1-5386-4790-5}
}

@inproceedings{karhula2019checkpointing,
  title = {Checkpointing and {{Migration}} of {{IoT Edge Functions}}},
  booktitle = {Proceedings of the {{2Nd International Workshop}} on {{Edge Systems}}, {{Analytics}} and {{Networking}}},
  author = {Karhula, Pekka and Janak, Jan and Schulzrinne, Henning},
  year = {2019},
  pages = {60--65},
  publisher = {{ACM}},
  address = {{Dresden, Germany}},
  doi = {10.1145/3301418.3313947},
  isbn = {978-1-4503-6275-7},
  series = {{{EdgeSys}} '19}
}

@inproceedings{kasgari2019modelfree,
  title = {Model-{{Free Ultra Reliable Low Latency Communication}} ({{URLLC}}): {{A Deep Reinforcement Learning Framework}}},
  shorttitle = {Model-{{Free Ultra Reliable Low Latency Communication}} ({{URLLC}})},
  booktitle = {{{ICC}} 2019 - 2019 {{IEEE International Conference}} on {{Communications}} ({{ICC}})},
  author = {Kasgari, A. T. Z. and Saad, W.},
  year = {2019},
  month = may,
  pages = {1--6},
  doi = {10.1109/ICC.2019.8761721}
}

@inproceedings{kasgari2019modelfreea,
  title = {Model-{{Free Ultra Reliable Low Latency Communication}} ({{URLLC}}): {{A Deep Reinforcement Learning Framework}}},
  shorttitle = {Model-{{Free Ultra Reliable Low Latency Communication}} ({{URLLC}})},
  booktitle = {{{ICC}} 2019 - 2019 {{IEEE International Conference}} on {{Communications}} ({{ICC}})},
  author = {Kasgari, Ali Taleb Zadeh and Saad, Walid},
  year = {2019},
  month = may,
  pages = {1--6},
  publisher = {{IEEE}},
  address = {{Shanghai, China}},
  doi = {10.1109/ICC.2019.8761721},
  isbn = {978-1-5386-8088-9},
  language = {en}
}

@inproceedings{katsalis2016sladriven,
  title = {{{SLA}}-{{Driven VM Scheduling}} in {{Mobile Edge Computing}}},
  booktitle = {Proceedings of 2016 {{IEEE}} 9th {{International Conference}} on {{Cloud Computing}} ({{CLOUD}})},
  author = {Katsalis, Kostas and Papaioannou, Thanasis G. and Nikaein, Navid and Tassiulas, Leandros},
  year = {2016},
  month = jun,
  pages = {750--757},
  publisher = {{IEEE}},
  address = {{San Francisco, CA, USA}},
  doi = {10.1109/CLOUD.2016.0104},
  isbn = {978-1-5090-2619-7}
}

@inproceedings{kikuchi2018vm,
  title = {{{VM Migration}} in {{Mobile Edge Computing}} for {{QoS Improvement}} with {{Wireless Multi}}-{{Hop Access Networks}}},
  booktitle = {Proceedings of the 12th {{International Conference}} on {{Ubiquitous Information Management}} and {{Communication}}},
  author = {Kikuchi, Jun and Wu, Celimuge and Ji, Yusheng and Murase, Tutomu},
  year = {2018},
  pages = {47:1--47:8},
  publisher = {{ACM}},
  address = {{Langkawi, Malaysia}},
  doi = {10.1145/3164541.3164552},
  isbn = {978-1-4503-6385-3},
  series = {{{IMCOM}} '18}
}

@inproceedings{kim2017practical,
  title = {Practical Service Allocation in Mobile Edge Computing Systems},
  booktitle = {Proceedings of 2017 27th {{International Telecommunication Networks}} and {{Applications Conference}} ({{ITNAC}})},
  author = {Kim, Sung-Yeon and {de Foy}, Xavier and Reznik, Alex},
  year = {2017},
  month = nov,
  pages = {1--6},
  publisher = {{IEEE}},
  address = {{Melbourne, VIC}},
  doi = {10.1109/ATNAC.2017.8215372},
  isbn = {978-1-5090-6796-1}
}

@article{kindt2018neighbor,
  title = {Neighbor {{Discovery Latency}} in {{BLE}}-{{Like Protocols}}},
  author = {Kindt, P. H. and Saur, M. and Balszun, M. and Chakraborty, S.},
  year = {2018},
  month = mar,
  volume = {17},
  pages = {617--631},
  issn = {1536-1233},
  doi = {10.1109/TMC.2017.2737008},
  journal = {IEEE Transactions on Mobile Computing},
  number = {3}
}

@article{kingsfordcmsc,
  title = {{{CMSC}} 451: {{Reductions}} \& {{NP}}-Completeness},
  author = {Kingsford, Carl},
  pages = {22},
  language = {en}
}

@article{kishk2017double,
  title = {Double {{Publications}} and {{Extended Conference Papers}} [{{President}}'s {{Message}}]},
  author = {Kishk, A. A.},
  year = {2017},
  month = aug,
  volume = {59},
  pages = {6--6},
  issn = {1045-9243},
  doi = {10.1109/MAP.2017.2707918},
  journal = {IEEE Antennas and Propagation Magazine},
  number = {4}
}

@inproceedings{kortoci2019fogbased,
  title = {Fog-Based {{Data Offloading}} in {{Urban IoT Scenarios}}},
  booktitle = {{{IEEE INFOCOM}} 2019 - {{IEEE Conference}} on {{Computer Communications}}},
  author = {Korto{\c c}i, P. and Zheng, L. and {Joe-wong}, C. and Francesco, M. D. and Chiang, M.},
  year = {2019},
  month = apr,
  pages = {784--792},
  doi = {10.1109/INFOCOM.2019.8737503}
}

@inproceedings{kosta2012thinkair,
  title = {{{ThinkAir}}: {{Dynamic}} Resource Allocation and Parallel Execution in the Cloud for Mobile Code Offloading},
  shorttitle = {{{ThinkAir}}},
  booktitle = {Proceedings of {{IEEE Conference}} on {{Computer Communications}} ({{INFOCOM}} 2012)},
  author = {Kosta, S. and Aucinas, A. and {Pan Hui} and Mortier, R. and {Xinwen Zhang}},
  year = {2012},
  month = mar,
  pages = {945--953},
  doi = {10.1109/INFCOM.2012.6195845}
}

@article{kreinovich2016conference,
  title = {From {{Conference Papers}} to {{Journal Papers}}: {{Challenges}} and {{New Ideas}} [{{Leader}}'s {{Corner}}]},
  shorttitle = {From {{Conference Papers}} to {{Journal Papers}}},
  author = {Kreinovich, V.},
  year = {2016},
  month = apr,
  volume = {2},
  pages = {54--55},
  issn = {2333-942X},
  doi = {10.1109/MSMC.2016.2557467},
  journal = {IEEE Systems, Man, and Cybernetics Magazine},
  number = {2}
}

@inproceedings{lai2017furion,
  title = {Furion: {{Engineering High}}-{{Quality Immersive Virtual Reality}} on {{Today}}'s {{Mobile Devices}}},
  shorttitle = {Furion},
  booktitle = {Proceedings of the 23rd {{Annual International Conference}} on {{Mobile Computing}} and {{Networking}}},
  author = {Lai, Zeqi and Hu, Y. Charlie and Cui, Yong and Sun, Linhui and Dai, Ningwei},
  year = {2017},
  pages = {409--421},
  publisher = {{ACM}},
  address = {{Snowbird, Utah, USA}},
  doi = {10.1145/3117811.3117815},
  isbn = {978-1-4503-4916-1},
  series = {{{MobiCom}} '17}
}

@article{larrosappt,
  title = {[{{PPT}}]{{Mixed Integer Linear Programming}}},
  author = {Larrosa, Javier and Oliveras, Albert and {Rodr\i{}guez-Carbonell}, Enric},
  pages = {68},
  language = {en}
}

@inproceedings{le2018deep,
  title = {A Deep Reinforcement Learning Based Offloading Scheme in Ad-Hoc Mobile Clouds},
  booktitle = {{{IEEE INFOCOM}} 2018 - {{IEEE Conference}} on {{Computer Communications Workshops}} ({{INFOCOM WKSHPS}})},
  author = {Le, D. Van and Tham, C.},
  year = {2018},
  month = apr,
  pages = {760--765},
  doi = {10.1109/INFCOMW.2018.8406881}
}

@article{leboudec1998application,
  title = {Application of Network Calculus to Guaranteed Service Networks},
  author = {Le Boudec, J.-Y.},
  year = {1998},
  month = may,
  volume = {44},
  pages = {1087--1096},
  issn = {1557-9654},
  doi = {10.1109/18.669170},
  journal = {IEEE Transactions on Information Theory},
  number = {3}
}

@inproceedings{leu2019migration,
  title = {Migration of {{Edge Computing Services}} in {{5G Networks}} \textendash{} {{Firewall}} as a {{Service Example}}},
  booktitle = {Advances on {{Broadband}} and {{Wireless Computing}}, {{Communication}} and {{Applications}}},
  author = {Leu, Fang-Yie and Susanto, Heru and Chou, Ping-Hung and Lin, Jeng-Wei},
  editor = {Barolli, Leonard and Leu, Fang-Yie and Enokido, Tomoya and Chen, Hsing-Chung},
  year = {2019},
  pages = {578--585},
  publisher = {{Springer International Publishing}},
  address = {{Cham}},
  doi = {10.1007/978-3-030-02613-4_52},
  isbn = {978-3-030-02613-4},
  language = {en},
  series = {Lecture {{Notes}} on {{Data Engineering}} and {{Communications Technologies}}}
}

@article{li2018accurate,
  title = {Toward {{Accurate Network Delay Measurement}} on {{Android Phones}}},
  author = {Li, W. and Wu, D. and Chang, R. K. C. and Mok, R. K. P.},
  year = {2018},
  month = mar,
  volume = {17},
  pages = {717--732},
  issn = {1536-1233},
  doi = {10.1109/TMC.2017.2737990},
  journal = {IEEE Transactions on Mobile Computing},
  number = {3}
}

@inproceedings{li2018batteryfree,
  title = {Battery-{{Free Eye Tracker}} on {{Glasses}}},
  booktitle = {Proceedings of the 24th {{Annual International Conference}} on {{Mobile Computing}} and {{Networking}}},
  author = {Li, Tianxing and Zhou, Xia},
  year = {2018},
  pages = {67--82},
  publisher = {{ACM}},
  address = {{New York, NY, USA}},
  doi = {10.1145/3241539.3241578},
  isbn = {978-1-4503-5903-0},
  series = {{{MobiCom}} '18}
}

@inproceedings{li2018deep,
  title = {Deep {{Q}}-{{Learning Based Dynamic Resource Allocation}} for {{Self}}-{{Powered Ultra}}-{{Dense Networks}}},
  booktitle = {2018 {{IEEE International Conference}} on {{Communications Workshops}} ({{ICC Workshops}})},
  author = {Li, H. and Gao, H. and Lv, T. and Lu, Y.},
  year = {2018},
  month = may,
  pages = {1--6},
  doi = {10.1109/ICCW.2018.8403505}
}

@inproceedings{li2018deepa,
  title = {A {{Deep Neural Network Compression Algorithm Based}} on {{Knowledge Transfer}} for {{Edge Device}}},
  booktitle = {2018 {{IEEE}}/{{ACM Symposium}} on {{Edge Computing}} ({{SEC}})},
  author = {Li, C. and Ma, X. and An, Z. and Xu, Y.},
  year = {2018},
  month = oct,
  pages = {334--335},
  doi = {10.1109/SEC.2018.00035}
}

@inproceedings{li2018energyaware,
  title = {An {{Energy}}-{{Aware Edge Server Placement Algorithm}} in {{Mobile Edge Computing}}},
  booktitle = {Proceedings of  {{IEEE International Conference}} on {{Edge Computing}} ({{EDGE}} 2018)},
  author = {Li, Y. and Wang, S.},
  year = {2018},
  month = jul,
  pages = {66--73},
  doi = {10.1109/EDGE.2018.00016}
}

@article{li2018joint,
  title = {Joint {{Content Recommendation}} and {{Delivery}} in {{Mobile Wireless Networks}} with {{Outage Management}}},
  author = {Li, Yaodong and Chen, Lingyu and Shi, Haibin and Hong, Xuemin and Shi, Jianghong},
  year = {2018},
  month = jan,
  volume = {20},
  pages = {64},
  doi = {10.3390/e20010064},
  copyright = {http://creativecommons.org/licenses/by/3.0/},
  journal = {Entropy},
  language = {en},
  number = {1}
}

@article{li2018qoedriven,
  title = {{{QoE}}-{{Driven Mobile Edge Caching Placement}} for {{Adaptive Video Streaming}}},
  author = {Li, C. and Toni, L. and Zou, J. and Xiong, H. and Frossard, P.},
  year = {2018},
  month = apr,
  volume = {20},
  pages = {965--984},
  issn = {1520-9210},
  doi = {10.1109/TMM.2017.2757761},
  journal = {IEEE Transactions on Multimedia},
  number = {4}
}

@inproceedings{li2019general,
  title = {A {{General Model}} for {{Minimizing Age}} of {{Information}} at {{Network Edge}}},
  booktitle = {{{IEEE INFOCOM}} 2019 - {{IEEE Conference}} on {{Computer Communications}}},
  author = {Li, Chengzhang and Li, Shaoran and Hou, Y. Thomas},
  year = {2019},
  month = apr,
  pages = {118--126},
  issn = {0743-166X},
  doi = {10.1109/INFOCOM.2019.8737437}
}

@article{li2019qos,
  title = {{{QoS Driven Task Offloading}} with {{Statistical Guarantee}} in {{Mobile Edge Computing}}},
  author = {Li, Qing and Wang, Shangguang and Yang, Fangchun},
  year = {2019},
  pages = {12},
  language = {en}
}

@inproceedings{liang2017energyefficient,
  title = {Energy-Efficient Resource Allocation in Software-Defined Mobile Networks with Mobile Edge Computing and Caching},
  booktitle = {2017 {{IEEE Conference}} on {{Computer Communications Workshops}} ({{INFOCOM WKSHPS}})},
  author = {Liang, C. and He, Y. and Yu, F. R. and Zhao, N.},
  year = {2017},
  month = may,
  pages = {121--126},
  doi = {10.1109/INFCOMW.2017.8116363}
}

@inproceedings{liang2019optimal,
  title = {Optimal {{Network Control}} in {{Partially}}-{{Controllable Networks}}},
  booktitle = {{{IEEE INFOCOM}} 2019 - {{IEEE Conference}} on {{Computer Communications}}},
  author = {Liang, Q. and Modiano, E.},
  year = {2019},
  month = apr,
  pages = {397--405},
  doi = {10.1109/INFOCOM.2019.8737528}
}

@article{limobile,
  title = {Mobile {{Edge Computing}} for {{Task Offloading}} in {{Small}}-{{Cell Networks}} via {{Belief Propagation}} (1570411306)},
  author = {Li, Jun and Wu, Anping and Chu, Shunfeng and Liu, Tingting and Shu, Feng},
  pages = {6},
  language = {en}
}

@article{lin2019computation,
  title = {Computation {{Offloading Toward Edge Computing}}},
  author = {Lin, Li and Liao, Xiaofei and Jin, Hai and Li, Peng},
  year = {2019},
  month = aug,
  volume = {107},
  pages = {1584--1607},
  issn = {0018-9219, 1558-2256},
  doi = {10.1109/JPROC.2019.2922285},
  journal = {Proceedings of the IEEE},
  number = {8}
}

@article{linew,
  title = {New {{Mobility}}-{{Aware Application Offloading Design}} with {{Low Delay}} and {{Energy Efficiency}} (1570409378)},
  author = {Li, Jiwei and Peng, Zhe and Xiao, Bin},
  pages = {6},
  language = {en}
}

@article{liu2014costaware,
  title = {Cost-{{Aware Cloud Service Request Scheduling}} for {{SaaS Providers}}},
  author = {Liu, Zhipiao and Wang, Shangguang and Sun, Qibo and Zou, Hua and Yang, Fangchun},
  year = {2014},
  volume = {57},
  pages = {291--301},
  doi = {10.1093/comjnl/bxt009},
  journal = {Comput. J.}
}

@inproceedings{liu2017demo,
  title = {Demo Abstract: {{MExR}}: {{Mobile}} Edge Resource Management for Mixed Reality Applications},
  shorttitle = {Demo Abstract},
  booktitle = {2017 {{IEEE Conference}} on {{Computer Communications Workshops}} ({{INFOCOM WKSHPS}})},
  author = {Liu, Q. and Huang, S. and Deng, Y. and Han, T.},
  year = {2017},
  month = may,
  pages = {986--987},
  doi = {10.1109/INFCOMW.2017.8116523}
}

@article{liu2017dynamic,
  title = {On {{Dynamic Service Function Chain Deployment}} and {{Readjustment}}},
  author = {Liu, J. and Lu, W. and Zhou, F. and Lu, P. and Zhu, Z.},
  year = {2017},
  month = sep,
  volume = {14},
  pages = {543--553},
  issn = {1932-4537},
  doi = {10.1109/TNSM.2017.2711610},
  journal = {IEEE Transactions on Network and Service Management},
  number = {3}
}

@inproceedings{liu2017edge,
  title = {Edge Computing Framework for Distributed Smart Applications},
  booktitle = {2017 {{IEEE SmartWorld}}, {{Ubiquitous Intelligence}} \& {{Computing}}, {{Advanced}} \& {{Trusted Computed}}, {{Scalable Computing}} \& {{Communications}}, {{Cloud}} \& {{Big Data Computing}}, {{Internet}} of {{People}} and {{Smart City Innovation}} ({{SmartWorld}}/{{SCALCOM}}/{{UIC}}/{{ATC}}/{{CBDCom}}/{{IOP}}/{{SCI}})},
  author = {Liu, Kaikai and Gurudutt, Abhishek and Kamaal, Tejeshwar and Divakara, Chinmayi and Prabhakaran, Praveen},
  year = {2017},
  month = aug,
  pages = {1--8},
  publisher = {{IEEE}},
  address = {{San Francisco, CA}},
  doi = {10.1109/UIC-ATC.2017.8397448},
  isbn = {978-1-5386-0435-9},
  note = {解决边缘系统中ip管理等问题，值得参考}
}

@article{liu2018congestion,
  title = {Congestion {{Avoidance}} and {{Load Balancing}} in {{Content Placement}} and {{Request Redirection}} for {{Mobile CDN}}},
  author = {Liu, J. and Yang, Q. and Simon, G.},
  year = {2018},
  month = apr,
  volume = {26},
  pages = {851--863},
  issn = {1063-6692},
  doi = {10.1109/TNET.2018.2804979},
  journal = {IEEE/ACM Transactions on Networking},
  number = {2}
}

@article{liu2018constraint,
  title = {Constraint Programming for Flexible {{Service Function Chaining}} Deployment},
  author = {Liu, Tong and Callegati, Franco and Cerroni, Walter and Contoli, Chiara and Gabbrielli, Maurizio and Giallorenzo, Saverio},
  year = {2018},
  month = dec,
  archivePrefix = {arXiv},
  eprint = {1812.05534},
  eprinttype = {arxiv},
  journal = {arXiv:1812.05534 [cs]},
  primaryClass = {cs}
}

@article{liu2018deepnap,
  title = {{{DeepNap}}: {{Data}}-{{Driven Base Station Sleeping Operations}} through {{Deep Reinforcement Learning}}},
  shorttitle = {{{DeepNap}}},
  author = {Liu, J. and Krishnamachari, B. and Zhou, S. and Niu, Z.},
  year = {2018},
  pages = {1--1},
  issn = {2327-4662},
  doi = {10.1109/JIOT.2018.2846694},
  journal = {IEEE Internet of Things Journal}
}

@inproceedings{liu2018edge,
  title = {An {{Edge Network Orchestrator}} for {{Mobile Augmented Reality}}},
  booktitle = {{{IEEE INFOCOM}} 2018 - {{IEEE Conference}} on {{Computer Communications}}},
  author = {Liu, Q. and Huang, S. and Opadere, J. and Han, T.},
  year = {2018},
  month = apr,
  pages = {756--764},
  doi = {10.1109/INFOCOM.2018.8486241}
}

@article{liu2018fast,
  title = {Fast {{Identification}} of {{Blocked RFID Tags}}},
  author = {Liu, X. and Xie, X. and Zhao, X. and Wang, K. and Li, K. and Liu, A. X. and Guo, S. and Wu, J.},
  year = {2018},
  month = sep,
  volume = {17},
  pages = {2041--2054},
  issn = {1536-1233},
  doi = {10.1109/TMC.2018.2793219},
  journal = {IEEE Transactions on Mobile Computing},
  number = {9}
}

@article{liu2018learningbased,
  title = {A {{Learning}}-Based {{Approach}} to {{Joint Content Caching}} and {{Recommendation}} at {{Base Stations}}},
  author = {Liu, Dong and Yang, Chenyang},
  year = {2018},
  month = jan,
  archivePrefix = {arXiv},
  eprint = {1802.01414},
  eprinttype = {arxiv},
  journal = {arXiv:1802.01414 [cs]},
  primaryClass = {cs}
}

@article{liu2018new,
  title = {A {{New Deep Learning}}-{{Based Food Recognition System}} for {{Dietary Assessment}} on {{An Edge Computing Service Infrastructure}}},
  author = {Liu, C. and Cao, Y. and Luo, Y. and Chen, G. and Vokkarane, V. and Yunsheng, M. and Chen, S. and Hou, P.},
  year = {2018},
  month = mar,
  volume = {11},
  pages = {249--261},
  issn = {1939-1374},
  doi = {10.1109/TSC.2017.2662008},
  journal = {IEEE Transactions on Services Computing},
  number = {2}
}

@article{liu2019edge,
  title = {Edge {{Computing}} for {{Autonomous Driving}}: {{Opportunities}} and {{Challenges}}},
  shorttitle = {Edge {{Computing}} for {{Autonomous Driving}}},
  author = {Liu, Shaoshan and Liu, Liangkai and Tang, Jie and Yu, Bo and Wang, Yifan and Shi, Weisong},
  year = {2019},
  month = aug,
  volume = {107},
  pages = {1697--1716},
  issn = {0018-9219, 1558-2256},
  doi = {10.1109/JPROC.2019.2915983},
  journal = {Proceedings of the IEEE},
  number = {8}
}

@inproceedings{liu2019edgea,
  title = {Edge {{Assisted Real}}-Time {{Object Detection}} for {{Mobile Augmented Reality}}},
  booktitle = {The 25th {{Annual International Conference}} on {{Mobile Computing}} and {{Networking}}  - {{MobiCom}} '19},
  author = {Liu, Luyang and Li, Hongyu and Gruteser, Marco},
  year = {2019},
  pages = {1--16},
  publisher = {{ACM Press}},
  address = {{Los Cabos, Mexico}},
  doi = {10.1145/3300061.3300116},
  isbn = {978-1-4503-6169-9},
  language = {en}
}

@article{liu2019emergent,
  title = {Emergent {{Coordination Through Competition}}},
  author = {Liu, Siqi and Lever, Guy and Merel, Josh and Tunyasuvunakool, Saran and Heess, Nicolas and Graepel, Thore},
  year = {2019},
  month = feb,
  archivePrefix = {arXiv},
  eprint = {1902.07151},
  eprinttype = {arxiv},
  journal = {arXiv:1902.07151 [cs]},
  primaryClass = {cs}
}

@inproceedings{liu2019lime,
  title = {{{LIME}}: {{Understanding Commercial}} 360\textdegree{} {{Live Video Streaming Services}}},
  shorttitle = {{{LIME}}},
  booktitle = {Proceedings of the 10th {{ACM Multimedia Systems Conference}}},
  author = {Liu, Xing and Han, Bo and Qian, Feng and Varvello, Matteo},
  year = {2019},
  pages = {154--164},
  publisher = {{ACM}},
  address = {{Amherst, Massachusetts}},
  doi = {10.1145/3304109.3306220},
  isbn = {978-1-4503-6297-9},
  series = {{{MMSys}} '19}
}

@inproceedings{liu2019network,
  title = {Network {{Calculus}}-Based {{Modeling}} of {{Time Sensitive Networking Shapers}} for {{Industrial Automation Networks}}},
  booktitle = {2019 11th {{International Conference}} on {{Wireless Communications}} and {{Signal Processing}} ({{WCSP}})},
  author = {Liu, Xiaoyu and Xu, Chi and Yu, Haibin},
  year = {2019},
  month = oct,
  pages = {1--7},
  issn = {2325-3746},
  doi = {10.1109/WCSP.2019.8927901}
}

@article{liu2019survey,
  title = {A {{Survey}} on {{Edge Computing Systems}} and {{Tools}}},
  author = {Liu, Fang and Tang, Guoming and Li, Youhuizi and Cai, Zhiping and Zhang, Xingzhou and Zhou, Tongqing},
  year = {2019},
  month = aug,
  volume = {107},
  pages = {1537--1562},
  issn = {0018-9219, 1558-2256},
  doi = {10.1109/JPROC.2019.2920341},
  journal = {Proceedings of the IEEE},
  number = {8}
}

@inproceedings{liu2019virtualedge,
  title = {{{VirtualEdge}}: {{Multi}}-{{Domain Resource Orchestration}} and {{Virtualization}} in {{Cellular Edge Computing}}},
  shorttitle = {{{VirtualEdge}}},
  booktitle = {2019 {{IEEE}} 39th {{International Conference}} on {{Distributed Computing Systems}} ({{ICDCS}})},
  author = {Liu, Qiang and Han, Tao},
  year = {2019},
  month = jul,
  pages = {1051--1060},
  issn = {2575-8411, 1063-6927},
  doi = {10.1109/ICDCS.2019.00108}
}

@article{long2018edge,
  title = {Edge {{Computing Framework}} for {{Cooperative Video Processing}} in {{Multimedia IoT Systems}}},
  author = {Long, C. and Cao, Y. and Jiang, T. and Zhang, Q.},
  year = {2018},
  month = may,
  volume = {20},
  pages = {1126--1139},
  issn = {1520-9210},
  doi = {10.1109/TMM.2017.2764330},
  journal = {IEEE Transactions on Multimedia},
  number = {5}
}

@article{lu2015transfer,
  title = {Transfer Learning Using Computational Intelligence: {{A}} Survey},
  shorttitle = {Transfer Learning Using Computational Intelligence},
  author = {Lu, Jie and Behbood, Vahid and Hao, Peng and Zuo, Hua and Xue, Shan and Zhang, Guangquan},
  year = {2015},
  month = may,
  volume = {80},
  pages = {14--23},
  issn = {0950-7051},
  doi = {10.1016/j.knosys.2015.01.010},
  journal = {Knowledge-Based Systems},
  series = {25th Anniversary of {{Knowledge}}-{{Based Systems}}}
}

@inproceedings{luo2019f3c,
  title = {{{F3C}}: {{Fog}}-Enabled {{Joint Computation}}, {{Communication}} and {{Caching Resource Sharing}} for {{Energy}}-{{Efficient IoT Data Stream Processing}}},
  shorttitle = {{{F3C}}},
  booktitle = {2019 {{IEEE}} 39th {{International Conference}} on {{Distributed Computing Systems}} ({{ICDCS}})},
  author = {Luo, Siqi and Chen, Xu and Zhou, Zhi},
  year = {2019},
  month = jul,
  pages = {1019--1028},
  issn = {2575-8411, 1063-6927},
  doi = {10.1109/ICDCS.2019.00105}
}

@article{lv2018efficient,
  title = {Efficient {{Dynamic Evolution}} of {{Service Composition}}},
  author = {Lv, C. and Jiang, W. and Hu, S. and Wang, J. and Lu, G. and Liu, Z.},
  year = {2018},
  month = jul,
  volume = {11},
  pages = {630--643},
  issn = {1939-1374},
  doi = {10.1109/TSC.2015.2466544},
  journal = {IEEE Transactions on Services Computing},
  number = {4}
}

@inproceedings{ma2017costefficient,
  title = {Cost-Efficient Workload Scheduling in {{Cloud Assisted Mobile Edge Computing}}},
  booktitle = {2017 {{IEEE}}/{{ACM}} 25th {{International Symposium}} on {{Quality}} of {{Service}} ({{IWQoS}})},
  author = {Ma, Xiao and Zhang, Shan and Li, Wenzhuo and Zhang, Puheng and Lin, Chuang and Shen, Xuemin},
  year = {2017},
  month = jun,
  pages = {1--10},
  issn = {null},
  doi = {10.1109/IWQoS.2017.7969148}
}

@inproceedings{ma2017efficient,
  title = {Efficient {{Service Handoff Across Edge Servers}} via {{Docker Container Migration}}},
  booktitle = {Proceedings of the {{Second ACM}}/{{IEEE Symposium}} on {{Edge Computing}}},
  author = {Ma, Lele and Yi, Shanhe and Li, Qun},
  year = {2017},
  pages = {11:1--11:13},
  publisher = {{ACM}},
  address = {{New York, NY, USA}},
  doi = {10.1145/3132211.3134460},
  isbn = {978-1-4503-5087-7},
  series = {{{SEC}} '17}
}

@article{ma2019efficient,
  title = {Efficient {{Live Migration}} of {{Edge Services Leveraging Container Layered Storage}}},
  author = {Ma, Lele and Yi, Shanhe and Carter, Nancy and Li, Qun},
  year = {2019},
  month = sep,
  volume = {18},
  pages = {2020--2033},
  issn = {2161-9875},
  doi = {10.1109/TMC.2018.2871842},
  journal = {IEEE Transactions on Mobile Computing},
  number = {9}
}

@article{machen2018live,
  title = {Live {{Service Migration}} in {{Mobile Edge Clouds}}},
  author = {Machen, A. and Wang, S. and Leung, K. K. and Ko, B. J. and Salonidis, T.},
  year = {2018},
  month = feb,
  volume = {25},
  pages = {140--147},
  issn = {1536-1284},
  doi = {10.1109/MWC.2017.1700011},
  journal = {IEEE Wireless Communications},
  number = {1}
}

@inproceedings{maheshwari2018trafficaware,
  title = {Traffic-{{Aware Dynamic Container Migration}} for {{Real}}-{{Time Support}} in {{Mobile Edge Clouds}}},
  booktitle = {2018 {{IEEE International Conference}} on {{Advanced Networks}} and {{Telecommunications Systems}} ({{ANTS}})},
  author = {Maheshwari, S. and Choudhury, S. and Seskar, I. and Raychaudhuri, D.},
  year = {2018},
  month = dec,
  pages = {1--6},
  doi = {10.1109/ANTS.2018.8710163}
}

@article{mamaxiaoinfocom2019,
  title = {马骁infocom2019},
  author = {Ma, Xiao and Zhou, Ao and Zhang, Shan and Wang, Shangguang},
  pages = {10},
  language = {en}
}

@article{mao2016dynamic,
  title = {Dynamic {{Computation Offloading}} for {{Mobile}}-{{Edge Computing With Energy Harvesting Devices}}},
  author = {Mao, Y. and Zhang, J. and Letaief, K. B.},
  year = {2016},
  month = dec,
  volume = {34},
  pages = {3590--3605},
  issn = {0733-8716},
  doi = {10.1109/JSAC.2016.2611964},
  journal = {IEEE Journal on Selected Areas in Communications},
  number = {12}
}

@article{mayer2018restful,
  title = {{{RESTful APIs}} for the {{5G ServiceBased Architecture}}},
  author = {Mayer, Georg and {3GPP CT Chairman, Huawei, Vienna, Austria}},
  year = {2018},
  volume = {6},
  pages = {101--116},
  issn = {2245-800X},
  doi = {10.13052/jicts2245-800X.617},
  journal = {Journal of ICT Standardization},
  language = {en},
  number = {1}
}

@inproceedings{mcchesney2019defog,
  title = {{{DeFog}}: {{Fog Computing Benchmarks}}},
  shorttitle = {{{DeFog}}},
  booktitle = {Proceedings of the 4th {{ACM}}/{{IEEE Symposium}} on {{Edge Computing}}},
  author = {McChesney, Jonathan and Wang, Nan and Tanwer, Ashish and {de Lara}, Eyal and Varghese, Blesson},
  year = {2019},
  pages = {47--58},
  publisher = {{ACM}},
  address = {{Arlington, Virginia}},
  doi = {10.1145/3318216.3363299},
  isbn = {978-1-4503-6733-2},
  series = {{{SEC}} '19}
}

@article{meca,
  title = {{{MEC Deployments}} in {{4G}} and {{Evolution Towards 5G}}},
  pages = {24},
  language = {en}
}

@article{medhat2017service,
  title = {Service {{Function Chaining}} in {{Next Generation Networks}}: {{State}} of the {{Art}} and {{Research Challenges}}},
  shorttitle = {Service {{Function Chaining}} in {{Next Generation Networks}}},
  author = {Medhat, A. M. and Taleb, T. and Elmangoush, A. and Carella, G. A. and Covaci, S. and Magedanz, T.},
  year = {2017},
  month = feb,
  volume = {55},
  pages = {216--223},
  issn = {0163-6804},
  doi = {10.1109/MCOM.2016.1600219RP},
  journal = {IEEE Communications Magazine},
  number = {2}
}

@inproceedings{meng2017cloudlet,
  title = {Cloudlet {{Placement}} and {{Minimum}}-{{Delay Routing}} in {{Cloudlet Computing}}},
  booktitle = {Proceedings of  the 3rd {{International Conference}} on {{Big Data Computing}} and {{Communications}} ({{BIGCOM}} 2017)},
  author = {Meng, J. and Shi, W. and Tan, H. and Li, X.},
  year = {2017},
  month = aug,
  pages = {297--304},
  doi = {10.1109/BIGCOM.2017.58}
}

@article{meskar2017energy,
  title = {Energy {{Aware Offloading}} for {{Competing Users}} on a {{Shared Communication Channel}}},
  author = {Meskar, E. and Todd, T. D. and Zhao, D. and Karakostas, G.},
  year = {2017},
  month = jan,
  volume = {16},
  pages = {87--96},
  issn = {1536-1233},
  doi = {10.1109/TMC.2016.2538227},
  journal = {IEEE Transactions on Mobile Computing},
  number = {1}
}

@inproceedings{mesodiakaki2014energy,
  title = {Energy Impact of Outdoor Small Cell Backhaul in Green Heterogeneous Networks},
  booktitle = {2014 {{IEEE}} 19th {{International Workshop}} on {{Computer Aided Modeling}} and {{Design}} of {{Communication Links}} and {{Networks}} ({{CAMAD}})},
  author = {Mesodiakaki, A. and Adelantado, F. and Antonopoulos, A. and Kartsakli, E. and Alonso, L. and Verikoukis, C.},
  year = {2014},
  month = dec,
  pages = {11--15},
  doi = {10.1109/CAMAD.2014.7033196}
}

@article{michiardi2018cachebased,
  title = {Cache-Based {{Multi}}-Query {{Optimization}} for {{Data}}-Intensive {{Scalable Computing Frameworks}}},
  author = {Michiardi, Pietro and Carra, Damiano and Migliorini, Sara},
  year = {2018},
  month = may,
  archivePrefix = {arXiv},
  eprint = {1805.08650},
  eprinttype = {arxiv},
  journal = {arXiv:1805.08650 [cs]},
  primaryClass = {cs}
}

@article{mixed,
  title = {Mixed {{Integer Programming}}},
  pages = {7},
  language = {en}
}

@article{mnih2013playing,
  title = {Playing {{Atari}} with {{Deep Reinforcement Learning}}},
  author = {Mnih, Volodymyr and Kavukcuoglu, Koray and Silver, David and Graves, Alex and Antonoglou, Ioannis and Wierstra, Daan and Riedmiller, Martin},
  year = {2013},
  month = dec,
  archivePrefix = {arXiv},
  eprint = {1312.5602},
  eprinttype = {arxiv},
  journal = {arXiv:1312.5602 [cs]},
  primaryClass = {cs}
}

@article{mnih2015humanlevel,
  title = {Human-Level Control through Deep Reinforcement Learning},
  author = {Mnih, Volodymyr and Kavukcuoglu, Koray and Silver, David and Rusu, Andrei A. and Veness, Joel and Bellemare, Marc G. and Graves, Alex and Riedmiller, Martin and Fidjeland, Andreas K. and Ostrovski, Georg and Petersen, Stig and Beattie, Charles and Sadik, Amir and Antonoglou, Ioannis and King, Helen and Kumaran, Dharshan and Wierstra, Daan and Legg, Shane and Hassabis, Demis},
  year = {2015},
  month = feb,
  volume = {518},
  pages = {529--533},
  issn = {0028-0836, 1476-4687},
  doi = {10.1038/nature14236},
  journal = {Nature},
  language = {en},
  number = {7540}
}

@inproceedings{mohan2018anveshak,
  title = {Anveshak: {{Placing Edge Servers In The Wild}}},
  shorttitle = {Anveshak},
  booktitle = {Proceedings of the 2018 {{Workshop}} on {{Mobile Edge Communications}}},
  author = {Mohan, Nitinder and Zavodovski, Aleksandr and Zhou, Pengyuan and Kangasharju, Jussi},
  year = {2018},
  pages = {7--12},
  publisher = {{ACM}},
  address = {{New York, NY, USA}},
  doi = {10.1145/3229556.3229560},
  isbn = {978-1-4503-5906-1},
  series = {{{MECOMM}}'18}
}

@inproceedings{mondal2018ccompassion,
  title = {{{CCOMPASSION}}: {{A Hybrid Cloudlet Placement Framework Over Passive Optical Access Networks}}},
  shorttitle = {{{CCOMPASSION}}},
  booktitle = {{{IEEE INFOCOM}} 2018 - {{IEEE Conference}} on {{Computer Communications}}},
  author = {Mondal, S. and Das, G. and Wong, E.},
  year = {2018},
  month = apr,
  pages = {216--224},
  doi = {10.1109/INFOCOM.2018.8485846}
}

@article{mondal2019costoptimal,
  title = {Cost-Optimal Cloudlet Placement Frameworks over Fiber-Wireless Access Networks for Low-Latency Applications},
  author = {Mondal, Sourav and Das, Goutam and Wong, Elaine},
  year = {2019},
  month = jul,
  volume = {138},
  pages = {27--38},
  issn = {1084-8045},
  doi = {10.1016/j.jnca.2019.04.014},
  journal = {Journal of Network and Computer Applications}
}

@article{moura2019game,
  title = {Game {{Theory}} for {{Multi}}-{{Access Edge Computing}}: {{Survey}}, {{Use Cases}}, and {{Future Trends}}},
  shorttitle = {Game {{Theory}} for {{Multi}}-{{Access Edge Computing}}},
  author = {Moura, J. and Hutchison, D.},
  year = {Firstquarter 2019},
  volume = {21},
  pages = {260--288},
  doi = {10.1109/COMST.2018.2863030},
  journal = {IEEE Communications Surveys Tutorials},
  number = {1}
}

@article{muller2014comprehensive,
  title = {Comprehensive {{Explanation}} of {{SLA Violations}} at {{Runtime}}},
  author = {M{\"u}ller, C. and Oriol, M. and Franch, X. and Marco, J. and Resinas, M. and {Ruiz-Cort{\'e}s}, A. and Rodr{\'i}guez, M.},
  year = {2014},
  month = apr,
  volume = {7},
  pages = {168--183},
  issn = {1939-1374},
  doi = {10.1109/TSC.2013.45},
  journal = {IEEE Transactions on Services Computing},
  number = {2}
}

@article{murray2011skillful,
  title = {Skillful Writing of an Awful Research Paper},
  editor = {Murray, Royce},
  year = {2011},
  month = feb,
  volume = {83},
  pages = {633--633},
  issn = {0003-2700, 1520-6882},
  doi = {10.1021/ac2000169},
  journal = {Analytical Chemistry},
  language = {en},
  number = {3}
}

@article{mustafareductions,
  title = {Reductions to {{Prove NP Hardness}}},
  author = {Mustafa, Nabil},
  pages = {121},
  language = {en}
}

@inproceedings{naghizadeh2019hurts,
  title = {Hurts to {{Be Too Early}}: {{Benefits}} and {{Drawbacks}} of {{Communication}} in {{Multi}}-{{Agent Learning}}},
  shorttitle = {Hurts to {{Be Too Early}}},
  booktitle = {{{IEEE INFOCOM}} 2019 - {{IEEE Conference}} on {{Computer Communications}}},
  author = {Naghizadeh, P. and Gorlatova, M. and Lan, A. S. and Chiang, M.},
  year = {2019},
  month = apr,
  pages = {622--630},
  doi = {10.1109/INFOCOM.2019.8737652}
}

@article{naserian2018framework,
  title = {A {{Framework}} of {{Loose Travelling Companion Discovery}} from {{Human Trajectories}}},
  author = {Naserian, E. and Wang, X. and Xu, X. and Dong, Y.},
  year = {2018},
  month = nov,
  volume = {17},
  pages = {2497--2511},
  issn = {1536-1233},
  doi = {10.1109/TMC.2018.2813369},
  journal = {IEEE Transactions on Mobile Computing},
  number = {11}
}

@article{nasrinsharedmec,
  title = {{{SharedMEC}}: {{Sharing Clouds}} to {{Support User Mobility}} in {{Mobile Edge Computing}} (1570407482)},
  author = {Nasrin, Wahida and Xie, Jiang},
  pages = {6},
  language = {en}
}

@article{neglia2018cache,
  title = {Cache {{Policies}} for {{Linear Utility Maximization}}},
  author = {Neglia, G. and Carra, D. and Michiardi, P.},
  year = {2018},
  month = feb,
  volume = {26},
  pages = {302--313},
  issn = {1063-6692},
  doi = {10.1109/TNET.2017.2783623},
  journal = {IEEE/ACM Transactions on Networking},
  number = {1}
}

@article{neidhardtcloud,
  title = {Cloud {{Service Billing}} and {{Service Level Agreement Monitoring}} Based on {{Blockchain}}},
  author = {Neidhardt, Nils and K{\"o}hler, Carsten and N{\"u}ttgens, Markus},
  pages = {5},
  language = {en}
}

@article{nemeth2005network,
  title = {Network Internal Traffic Characterization and End-to-End Delay Bound Calculus for Generalized Processor Sharing Scheduling Discipline},
  author = {N{\'e}meth, F. and Barta, P. and Szab{\'o}, R. and B{\'i}r{\'o}, J.},
  year = {2005},
  month = aug,
  volume = {48},
  pages = {910--940},
  issn = {1389-1286},
  doi = {10.1016/j.comnet.2004.11.022},
  journal = {Computer Networks},
  language = {en},
  number = {6}
}

@article{nesher2014selfrecognition,
  title = {Self-{{Recognition Mechanism}} between {{Skin}} and {{Suckers Prevents Octopus Arms}} from {{Interfering}} with {{Each Other}}},
  author = {Nesher, Nir and Levy, Guy and Grasso, Frank W. and Hochner, Binyamin},
  year = {2014},
  month = jun,
  volume = {24},
  pages = {1271--1275},
  issn = {09609822},
  doi = {10.1016/j.cub.2014.04.024},
  journal = {Current Biology},
  language = {en},
  number = {11}
}

@article{neto2018uloof,
  title = {{{ULOOF}}: {{A User Level Online Offloading Framework}} for {{Mobile Edge Computing}}},
  shorttitle = {{{ULOOF}}},
  author = {Neto, J. L. D. and Yu, S. and Macedo, D. F. and Nogueira, J. M. S. and Langar, R. and Secci, S.},
  year = {2018},
  month = nov,
  volume = {17},
  pages = {2660--2674},
  issn = {1536-1233},
  doi = {10.1109/TMC.2018.2815015},
  journal = {IEEE Transactions on Mobile Computing},
  number = {11}
}

@inproceedings{ngatchou2005pareto,
  title = {Pareto {{Multi Objective Optimization}}},
  booktitle = {Proceedings of the 13th {{International Conference}} on, {{Intelligent Systems Application}} to {{Power Systems}}},
  author = {Ngatchou, P. and Zarei, A. and {El-Sharkawi}, A.},
  year = {2005},
  month = nov,
  pages = {84--91},
  doi = {10.1109/ISAP.2005.1599245}
}

@inproceedings{nguyen2019why,
  title = {Why {{Cloud Applications Are Not Ready}} for the {{Edge}} ({{Yet}})},
  booktitle = {Proceedings of the 4th {{ACM}}/{{IEEE Symposium}} on {{Edge Computing}}},
  author = {Nguyen, Chanh and Mehta, Amardeep and Klein, Cristian and Elmroth, Erik},
  year = {2019},
  pages = {250--263},
  publisher = {{ACM}},
  address = {{Arlington, Virginia}},
  doi = {10.1145/3318216.3363298},
  isbn = {978-1-4503-6733-2},
  series = {{{SEC}} '19}
}

@inproceedings{niu2019making,
  title = {Making {{Big Money}} from {{Small Sensors}}: {{Trading Time}}-{{Series Data}} under {{Pufferfish Privacy}}},
  shorttitle = {Making {{Big Money}} from {{Small Sensors}}},
  booktitle = {{{IEEE INFOCOM}} 2019 - {{IEEE Conference}} on {{Computer Communications}}},
  author = {Niu, C. and Zheng, Z. and Tang, S. and Gao, X. and Wu, F.},
  year = {2019},
  month = apr,
  pages = {568--576},
  doi = {10.1109/INFOCOM.2019.8737579}
}

@inproceedings{nuaimi2016predicting,
  title = {Predicting the Decision for the Provision of Municipal Services Using Data Mining Approaches},
  booktitle = {2016 3rd {{MEC International Conference}} on {{Big Data}} and {{Smart City}} ({{ICBDSC}})},
  author = {Nuaimi, E. A. and Marzooqi, S. A. and Zaki, N.},
  year = {2016},
  month = mar,
  pages = {1--6},
  doi = {10.1109/ICBDSC.2016.7460387}
}

@article{offutt2016editorial,
  title = {Editorial: {{How}} to Extend a Conference Paper to a Journal Paper},
  shorttitle = {Editorial},
  author = {Offutt, Jeff},
  year = {2016},
  volume = {26},
  pages = {496--497},
  issn = {1099-1689},
  doi = {10.1002/stvr.1623},
  copyright = {Copyright \textcopyright{} 2016 John Wiley \& Sons, Ltd.},
  journal = {Software Testing, Verification and Reliability},
  language = {en},
  number = {7}
}

@inproceedings{ossenkopf2019longhorizon,
  title = {Long-{{Horizon Active SLAM}} System for Multi-Agent Coordinated Exploration},
  booktitle = {2019 {{European Conference}} on {{Mobile Robots}} ({{ECMR}})},
  author = {Ossenkopf, Marie and Castro, Gaston and Pessacg, Facundo and Geihs, Kurt and De Cristoforis, Pablo},
  year = {2019},
  month = sep,
  pages = {1--6},
  publisher = {{IEEE}},
  address = {{Prague, Czech Republic}},
  doi = {10.1109/ECMR.2019.8870952},
  isbn = {978-1-72813-605-9},
  language = {en}
}

@article{ouyang2018follow,
  title = {Follow {{Me}} at the {{Edge}}: {{Mobility}}-{{Aware Dynamic Service Placement}} for {{Mobile Edge Computing}}},
  shorttitle = {Follow {{Me}} at the {{Edge}}},
  author = {Ouyang, T. and Zhou, Z. and Chen, X.},
  year = {2018},
  month = oct,
  volume = {36},
  pages = {2333--2345},
  issn = {0733-8716},
  doi = {10.1109/JSAC.2018.2869954},
  journal = {IEEE Journal on Selected Areas in Communications},
  number = {10}
}

@inproceedings{ouyang2019adaptive,
  title = {Adaptive {{User}}-Managed {{Service Placement}} for {{Mobile Edge Computing}}: {{An Online Learning Approach}}},
  shorttitle = {Adaptive {{User}}-Managed {{Service Placement}} for {{Mobile Edge Computing}}},
  booktitle = {{{IEEE INFOCOM}} 2019 - {{IEEE Conference}} on {{Computer Communications}}},
  author = {Ouyang, T. and Li, R. and Chen, X. and Zhou, Z. and Tang, X.},
  year = {2019},
  month = apr,
  pages = {1468--1476},
  doi = {10.1109/INFOCOM.2019.8737560}
}

@article{palacios2015coveragebased,
  title = {Coverage-{{Based Testing}} for {{Service Level Agreements}}},
  author = {Palacios, M. and {Garc{\'i}a-Fanjul}, J. and Tuya, J. and Spanoudakis, G.},
  year = {2015},
  month = mar,
  volume = {8},
  pages = {299--313},
  issn = {1939-1374},
  doi = {10.1109/TSC.2014.2300486},
  journal = {IEEE Transactions on Services Computing},
  number = {2}
}

@article{pan2010survey,
  title = {A {{Survey}} on {{Transfer Learning}}},
  author = {Pan, S. J. and Yang, Q.},
  year = {2010},
  month = oct,
  volume = {22},
  pages = {1345--1359},
  issn = {1041-4347},
  doi = {10.1109/TKDE.2009.191},
  journal = {IEEE Transactions on Knowledge and Data Engineering},
  number = {10}
}

@inproceedings{pandit2004network,
  title = {Network Calculus Meets Queueing Theory -a Simulation Based Approach to Bounded Queues},
  booktitle = {Twelfth {{IEEE International Workshop}} on {{Quality}} of {{Service}}, 2004. {{IWQOS}} 2004.},
  author = {Pandit, K. and Schmittt, J. and Steinmetz, R.},
  year = {2004},
  month = jun,
  pages = {114--120},
  issn = {null},
  doi = {10.1109/IWQOS.2004.1309365}
}

@inproceedings{parada2018multiaccess,
  title = {Multi-{{Access Edge Computing}}: {{A 5G Technology}}},
  shorttitle = {Multi-{{Access Edge Computing}}},
  booktitle = {2018 {{European Conference}} on {{Networks}} and {{Communications}} ({{EuCNC}})},
  author = {Parada, C. and Fontes, F. and Marques, C. and Cunha, V. and Leit{\~a}o, C.},
  year = {2018},
  month = jun,
  pages = {277--9},
  doi = {10.1109/EuCNC.2018.8442492}
}

@article{parvez2018survey,
  title = {A {{Survey}} on {{Low Latency Towards 5G}}: {{RAN}}, {{Core Network}} and {{Caching Solutions}}},
  shorttitle = {A {{Survey}} on {{Low Latency Towards 5G}}},
  author = {Parvez, I. and Rahmati, A. and Guvenc, I. and Sarwat, A. I. and Dai, H.},
  year = {Fourthquarter 2018},
  volume = {20},
  pages = {3098--3130},
  issn = {1553-877X},
  doi = {10.1109/COMST.2018.2841349},
  journal = {IEEE Communications Surveys Tutorials},
  number = {4}
}

@inproceedings{pasteris2019service,
  title = {Service {{Placement}} with {{Provable Guarantees}} in {{Heterogeneous Edge Computing Systems}}},
  booktitle = {{{IEEE INFOCOM}} 2019 - {{IEEE Conference}} on {{Computer Communications}}},
  author = {Pasteris, S. and Wang, S. and Herbster, M. and He, T.},
  year = {2019},
  month = apr,
  pages = {514--522},
  doi = {10.1109/INFOCOM.2019.8737449}
}

@article{patelmobile,
  title = {Mobile {{Edge Computing}}  {{A}} Key Technology towards {{5G}}},
  author = {Patel, Milan and Sabella, Dario and Sprecher, Nurit and Young, Valerie},
  pages = {16},
  language = {en}
}

@article{perello2016joint,
  title = {Joint Content Placement and Lightpath Routing and Spectrum Assignment in {{CDNs}} over Elastic Optical Network Scenarios},
  author = {Perell{\'o}, Jordi and Walkowiak, Krzysztof and Klinkowski, Miros{\l}aw and Spadaro, Salvatore and Careglio, Davide},
  year = {2016},
  month = mar,
  volume = {77},
  pages = {72--84},
  issn = {0140-3664},
  doi = {10.1016/j.comcom.2015.12.002},
  journal = {Computer Communications}
}

@inproceedings{peres2019distributeda,
  title = {Distributed {{Self}}-{{Adjusting Tree Networks}}},
  booktitle = {{{IEEE INFOCOM}} 2019 - {{IEEE Conference}} on {{Computer Communications}}},
  author = {Peres, B. and Souza, O. A. d O. and Goussevskaia, O. and Avin, C. and Schmid, S.},
  year = {2019},
  month = apr,
  pages = {145--153},
  doi = {10.1109/INFOCOM.2019.8737417}
}

@article{peterson5g,
  title = {{{5G Mobile Networks}}: {{A Systems Approach}}},
  author = {Peterson, Sunay},
  pages = {52},
  language = {en}
}

@article{pham2017trafficaware,
  title = {Traffic-Aware and {{Energy}}-Efficient {{vNF Placement}} for {{Service Chaining}}: {{Joint Sampling}} and {{Matching Approach}}},
  shorttitle = {Traffic-Aware and {{Energy}}-Efficient {{vNF Placement}} for {{Service Chaining}}},
  author = {Pham, Chuan and Tran, Nguyen H. and Ren, Shaolei and Saad, Walid and Hong, Choong Seon},
  year = {2017},
  pages = {1--1},
  issn = {1939-1374},
  doi = {10.1109/TSC.2017.2671867},
  journal = {IEEE Transactions on Services Computing},
  language = {en}
}

@article{plachy2016path,
  title = {Path Selection Enabling User Mobility and Efficient Distribution of Data for Computation at the Edge of Mobile Network},
  author = {Plachy, Jan and Becvar, Zdenek and Mach, Pavel},
  year = {2016},
  month = oct,
  volume = {108},
  pages = {357--370},
  issn = {1389-1286},
  doi = {10.1016/j.comnet.2016.09.005},
  journal = {Computer Networks}
}

@inproceedings{poularakis2019joint,
  title = {Joint {{Service Placement}} and {{Request Routing}} in {{Multi}}-Cell {{Mobile Edge Computing Networks}}},
  booktitle = {{{IEEE INFOCOM}} 2019 - {{IEEE Conference}} on {{Computer Communications}}},
  author = {Poularakis, K. and Llorca, J. and Tulino, A. M. and Taylor, I. and Tassiulas, L.},
  year = {2019},
  month = apr,
  pages = {10--18},
  doi = {10.1109/INFOCOM.2019.8737385}
}

@inproceedings{premsankar2018efficient,
  title = {Efficient Placement of Edge Computing Devices for Vehicular Applications in Smart Cities},
  booktitle = {{{NOMS}} 2018 - 2018 {{IEEE}}/{{IFIP Network Operations}} and {{Management Symposium}}},
  author = {Premsankar, G. and Ghaddar, B. and Francesco, M. Di and Verago, R.},
  year = {2018},
  month = apr,
  pages = {1--9},
  doi = {10.1109/NOMS.2018.8406256}
}

@inproceedings{psomas2017cooperative,
  title = {Cooperative Wireless Edge Caching with Relay Selection},
  booktitle = {2017 {{IEEE International Conference}} on {{Communications}} ({{ICC}})},
  author = {Psomas, C. and Zheng, G. and Krikidis, I.},
  year = {2017},
  month = may,
  pages = {1--5},
  doi = {10.1109/ICC.2017.7997305}
}

@article{pu2018online,
  title = {Online {{Resource Allocation}}, {{Content Placement}} and {{Request Routing}} for {{Cost}}-{{Efficient Edge Caching}} in {{Cloud Radio Access Networks}}},
  author = {Pu, L. and Jiao, L. and Chen, X. and Wang, L. and Xie, Q. and Xu, J.},
  year = {2018},
  month = aug,
  volume = {36},
  pages = {1751--1767},
  issn = {0733-8716},
  doi = {10.1109/JSAC.2018.2844624},
  journal = {IEEE Journal on Selected Areas in Communications},
  number = {8}
}

@inproceedings{puliafito2018companion,
  title = {Companion {{Fog Computing}}: {{Supporting Things Mobility Through Container Migration}} at the {{Edge}}},
  shorttitle = {Companion {{Fog Computing}}},
  booktitle = {2018 {{IEEE International Conference}} on {{Smart Computing}} ({{SMARTCOMP}})},
  author = {Puliafito, C. and Mingozzi, E. and Vallati, C. and Longo, F. and Merlino, G.},
  year = {2018},
  month = jun,
  pages = {97--105},
  doi = {10.1109/SMARTCOMP.2018.00079}
}

@inproceedings{puliafito2018virtualization,
  title = {Virtualization and {{Migration}} at the {{Network Edge}}: {{An Overview}}},
  shorttitle = {Virtualization and {{Migration}} at the {{Network Edge}}},
  booktitle = {2018 {{IEEE International Conference}} on {{Smart Computing}} ({{SMARTCOMP}})},
  author = {Puliafito, C. and Mingozzi, E. and Vallati, C. and Longo, F. and Merlino, G.},
  year = {2018},
  month = jun,
  pages = {368--374},
  doi = {10.1109/SMARTCOMP.2018.00031}
}

@article{puliafito2019container,
  title = {Container {{Migration}} in the {{Fog}}: {{A Performance Evaluation}}},
  shorttitle = {Container {{Migration}} in the {{Fog}}},
  author = {Puliafito, Carlo and Vallati, Carlo and Mingozzi, Enzo and Merlino, Giovanni and Longo, Francesco and Puliafito, Antonio},
  year = {2019},
  month = jan,
  volume = {19},
  pages = {1488},
  doi = {10.3390/s19071488},
  copyright = {http://creativecommons.org/licenses/by/3.0/},
  journal = {Sensors},
  language = {en},
  number = {7}
}

@article{qi2016integrated,
  title = {Integrated {{Multi}}-Service {{Handoff Mechanism}} with {{QoS}}-{{Support Strategy}} in {{Mobile Cloud Computing}}},
  author = {Qi, Qi and Liao, Jianxin and Wang, Jingyu and Wang, Jing and Li, Qi and Cao, Yufei},
  year = {2016},
  month = mar,
  volume = {87},
  pages = {593--614},
  issn = {1572-834X},
  doi = {10.1007/s11277-016-3210-3},
  journal = {Wireless Personal Communications},
  language = {en},
  number = {2}
}

@article{qi2018construction,
  title = {Construction and {{Mitigation}} of {{User}}-{{Behavior}}-{{Based Covert Channels}} on {{Smartphones}}},
  author = {Qi, W. and Ding, W. and Wang, X. and Jiang, Y. and Xu, Y. and Wang, J. and Lu, K.},
  year = {2018},
  month = jan,
  volume = {17},
  pages = {44--57},
  issn = {1536-1233},
  doi = {10.1109/TMC.2017.2696945},
  journal = {IEEE Transactions on Mobile Computing},
  number = {1}
}

@inproceedings{qin2018sdn,
  title = {{{SDN Controller Placement}} at the {{Edge}}: {{Optimizing Delay}} and {{Overheads}}},
  shorttitle = {{{SDN Controller Placement}} at the {{Edge}}},
  booktitle = {{{IEEE INFOCOM}} 2018 - {{IEEE Conference}} on {{Computer Communications}}},
  author = {Qin, Q. and Poularakis, K. and Iosifidis, G. and Tassiulas, L.},
  year = {2018},
  month = apr,
  pages = {684--692},
  doi = {10.1109/INFOCOM.2018.8485963}
}

@article{qiu2018rppm,
  title = {{{RPPM}}: {{A Request Pre}}-{{Processing Method}} for {{Real}}-{{Time On}}-{{Demand Data Broadcast Scheduling}}},
  shorttitle = {{{RPPM}}},
  author = {Qiu, Z. and Hu, W. and Du, B.},
  year = {2018},
  month = nov,
  volume = {17},
  pages = {2619--2631},
  issn = {1536-1233},
  doi = {10.1109/TMC.2018.2813392},
  journal = {IEEE Transactions on Mobile Computing},
  number = {11}
}

@inproceedings{qu2019delayaware,
  title = {Delay-{{Aware Flow Migration}} for {{Embedded Services}} in {{5G Core Networks}}},
  booktitle = {{{ICC}} 2019 - 2019 {{IEEE International Conference}} on {{Communications}} ({{ICC}})},
  author = {Qu, Kaige and Zhuang, Weihua and Ye, Qiang and Shen, Xuemin and Li, Xu and Rao, Jaya},
  year = {2019},
  month = may,
  pages = {1--6},
  issn = {1550-3607},
  doi = {10.1109/ICC.2019.8761451}
}

@inproceedings{rahmati2019dynamic,
  title = {Dynamic {{Mobility}}-{{Aware Interference Avoidance}} for {{Aerial Base Stations}} in {{Cognitive Radio Networks}}},
  booktitle = {{{IEEE INFOCOM}} 2019 - {{IEEE Conference}} on {{Computer Communications}}},
  author = {Rahmati, Ali and He, Xiaofan and Guvenc, Ismail and Dai, Huaiyu},
  year = {2019},
  month = apr,
  pages = {595--603},
  issn = {0743-166X},
  doi = {10.1109/INFOCOM.2019.8737472}
}

@inproceedings{ramaswamy2005cache,
  title = {Cache {{Clouds}}: {{Cooperative Caching}} of {{Dynamic Documents}} in {{Edge Networks}}},
  shorttitle = {Cache {{Clouds}}},
  booktitle = {25th {{IEEE International Conference}} on {{Distributed Computing Systems}} ({{ICDCS}}'05)},
  author = {Ramaswamy, L. and Liu, Ling and Iyengar, A.},
  year = {2005},
  month = jun,
  pages = {229--238},
  doi = {10.1109/ICDCS.2005.16}
}

@inproceedings{ran2018deepdecision,
  title = {{{DeepDecision}}: {{A Mobile Deep Learning Framework}} for {{Edge Video Analytics}}},
  shorttitle = {{{DeepDecision}}},
  booktitle = {{{IEEE INFOCOM}} 2018 - {{IEEE Conference}} on {{Computer Communications}}},
  author = {Ran, X. and Chen, H. and Zhu, X. and Liu, Z. and Chen, J.},
  year = {2018},
  month = apr,
  pages = {1421--1429},
  doi = {10.1109/INFOCOM.2018.8485905}
}

@article{rejiba2019survey,
  title = {A {{Survey}} on {{Mobility}}-{{Induced Service Migration}} in the {{Fog}}, {{Edge}}, and {{Related Computing Paradigms}}},
  author = {Rejiba, Zeineb and {Masip-Bruin}, Xavier and {Mar{\'i}n-Tordera}, Eva},
  year = {2019},
  month = sep,
  volume = {52},
  pages = {90:1--90:33},
  issn = {0360-0300},
  doi = {10.1145/3326540},
  journal = {ACM Comput. Surv.},
  number = {5}
}

@inproceedings{ren2018lowcost,
  title = {A {{Low}}-{{Cost Edge Server Placement Strategy}} in {{Wireless Metropolitan Area Networks}}},
  booktitle = {2018 27th {{International Conference}} on {{Computer Communication}} and {{Networks}} ({{ICCCN}})},
  author = {Ren, Y. and Zeng, F. and Li, W. and Meng, L.},
  year = {2018},
  month = jul,
  pages = {1--6},
  doi = {10.1109/ICCCN.2018.8487438}
}

@article{resource,
  title = {Resource {{Allocation Mechanism}} for a {{Fog}}-{{Cloud Infrastructure}} (1570408532)},
  pages = {6},
  language = {en}
}

@article{reznikcloud,
  title = {Cloud {{RAN}} and {{MEC}}: {{A Perfect Pairing}}},
  author = {Reznik, Alex and Murillo, Luis Miguel Contreras and Fang, Yonggang and Featherstone, Walter and Filippou, Miltiadis and Fontes, Francisco and Labs, Altice and Giust, Fabio and Huang, Qiang and Li, Alice and Turyagyenda, Charles and Wehner, Christof and Zheng, Zhou},
  pages = {24},
  language = {en}
}

@article{rodrigues2017hybrid,
  title = {Hybrid {{Method}} for {{Minimizing Service Delay}} in {{Edge Cloud Computing Through VM Migration}} and {{Transmission Power Control}}},
  author = {Rodrigues, T. G. and Suto, K. and Nishiyama, H. and Kato, N.},
  year = {2017},
  month = may,
  volume = {66},
  pages = {810--819},
  issn = {0018-9340},
  doi = {10.1109/TC.2016.2620469},
  journal = {IEEE Transactions on Computers},
  number = {5}
}

@article{rodrigues2018cloudlets,
  title = {Cloudlets {{Activation Scheme}} for {{Scalable Mobile Edge Computing}} with {{Transmission Power Control}} and {{Virtual Machine Migration}}},
  author = {Rodrigues, Tiago Gama and Suto, Katsuya and Nishiyama, Hiroki and Kato, Nei and Temma, Katsuhiro},
  year = {2018},
  month = sep,
  volume = {67},
  pages = {1287--1300},
  issn = {0018-9340},
  doi = {10.1109/TC.2018.2818144},
  journal = {IEEE Transactions on Computers},
  number = {9}
}

@inproceedings{rosensweig2013network,
  title = {A Network Calculus for Cache Networks},
  booktitle = {2013 {{Proceedings IEEE INFOCOM}}},
  author = {Rosensweig, Elisha J. and Kurose, Jim},
  year = {2013},
  month = apr,
  pages = {85--89},
  issn = {0743-166X},
  doi = {10.1109/INFCOM.2013.6566740}
}

@inproceedings{saif2018software,
  title = {Software {{Defined Networking}} in {{Next Generation Mobile Backhauls}}: {{A Survey}}},
  shorttitle = {Software {{Defined Networking}} in {{Next Generation Mobile Backhauls}}},
  booktitle = {2018 {{IEEE 5G World Forum}} ({{5GWF}})},
  author = {Saif, D. and Arsiwala, F. and Khanna, I.},
  year = {2018},
  month = jul,
  pages = {106--111},
  doi = {10.1109/5GWF.2018.8517068}
}

@inproceedings{saif2018softwarea,
  title = {Software {{Defined Networking}} in {{Next Generation Mobile Backhauls}}: {{A Survey}}},
  shorttitle = {Software {{Defined Networking}} in {{Next Generation Mobile Backhauls}}},
  booktitle = {2018 {{IEEE 5G World Forum}} ({{5GWF}})},
  author = {Saif, D. and Arsiwala, F. and Khanna, I.},
  year = {2018},
  month = jul,
  pages = {106--111},
  doi = {10.1109/5GWF.2018.8517068}
}

@inproceedings{sallam2019joint,
  title = {Joint {{Placement}} and {{Allocation}} of {{Virtual Network Functions}} with {{Budget}} and {{Capacity Constraints}}},
  booktitle = {{{IEEE INFOCOM}} 2019 - {{IEEE Conference}} on {{Computer Communications}}},
  author = {Sallam, G. and Ji, B.},
  year = {2019},
  month = apr,
  pages = {523--531},
  doi = {10.1109/INFOCOM.2019.8737400}
}

@inproceedings{santoyo-gonzalez2018edge,
  title = {Edge {{Nodes Infrastructure Placement Parameters}} for {{5G Networks}}},
  booktitle = {Proceedings of {{IEEE Conference}} on {{Standards}} for {{Communications}} and {{Networking}} ({{CSCN}} 2018)},
  author = {{Santoyo-Gonz{\'a}lez}, A. and {Cervell{\'o}-Pastor}, C.},
  year = {2018},
  month = oct,
  pages = {1--6},
  doi = {10.1109/CSCN.2018.8581749}
}

@article{sarros2018connecting,
  title = {Connecting the {{Edges}}: {{A Universal}}, {{Mobile}}-{{Centric}}, and {{Opportunistic Communications Architecture}}},
  shorttitle = {Connecting the {{Edges}}},
  author = {Sarros, C. A. and Diamantopoulos, S. and Rene, S. and Psaras, I. and Lertsinsrubtavee, A. and {Molina-Jimenez}, C. and Mendes, P. and Sofia, R. and Sathiaseelan, A. and Pavlou, G. and Crowcroft, J. and Tsaoussidis, V.},
  year = {2018},
  month = feb,
  volume = {56},
  pages = {136--143},
  issn = {0163-6804},
  doi = {10.1109/MCOM.2018.1700325},
  journal = {IEEE Communications Magazine},
  number = {2}
}

@article{satyanarayanan2009case,
  title = {The {{Case}} for {{VM}}-{{Based Cloudlets}} in {{Mobile Computing}}},
  author = {Satyanarayanan, M. and Bahl, P. and Caceres, R. and Davies, N.},
  year = {2009},
  month = oct,
  volume = {8},
  pages = {14--23},
  issn = {1536-1268},
  doi = {10.1109/MPRV.2009.82},
  journal = {IEEE Pervasive Computing},
  number = {4}
}

@inproceedings{schmitt2008delay,
  title = {【!!】{{Delay Bounds}} under {{Arbitrary Multiplexing}}: {{When Network Calculus Leaves You}} in the {{Lurch}}...},
  shorttitle = {Delay {{Bounds}} under {{Arbitrary Multiplexing}}},
  booktitle = {{{IEEE INFOCOM}} 2008 - {{The}} 27th {{Conference}} on {{Computer Communications}}},
  author = {Schmitt, J. B. and Zdarsky, F. A. and Fidler, M.},
  year = {2008},
  month = apr,
  pages = {1669--1677},
  issn = {0743-166X},
  doi = {10.1109/INFOCOM.2008.228}
}

@inproceedings{schulz2017nexmon,
  title = {Nexmon: {{Build Your Own Wi}}-{{Fi Testbeds With Low}}-{{Level MAC}} and {{PHY}}-{{Access Using Firmware Patches}} on {{Off}}-the-{{Shelf Mobile Devices}}},
  shorttitle = {Nexmon},
  booktitle = {Proceedings of the 11th {{Workshop}} on {{Wireless Network Testbeds}}, {{Experimental Evaluation}} \& {{CHaracterization}}},
  author = {Schulz, Matthias and Wegemer, Daniel and Hollick, Matthias},
  year = {2017},
  pages = {59--66},
  publisher = {{ACM}},
  address = {{New York, NY, USA}},
  doi = {10.1145/3131473.3131476},
  isbn = {978-1-4503-5147-8},
  series = {{{WiNTECH}} '17}
}

@inproceedings{shah-mohammadi2018deep,
  title = {Deep {{Reinforcement Learning Approach}} to {{QoE}}-{{Driven Resource Allocation}} for {{Spectrum Underlay}} in {{Cognitive Radio Networks}}},
  booktitle = {2018 {{IEEE International Conference}} on {{Communications Workshops}} ({{ICC Workshops}})},
  author = {{Shah-Mohammadi}, F. and Kwasinski, A.},
  year = {2018},
  month = may,
  pages = {1--6},
  doi = {10.1109/ICCW.2018.8403658}
}

@inproceedings{shahhosseini2019dynamic,
  title = {Dynamic {{Computation Migration}} at the {{Edge}}: {{Is There}} an {{Optimal Choice}}?},
  shorttitle = {Dynamic {{Computation Migration}} at the {{Edge}}},
  booktitle = {Proceedings of the 2019 on {{Great Lakes Symposium}} on {{VLSI}}},
  author = {Shahhosseini, Sina and Azimi, Iman and Anzanpour, Arman and Jantsch, Axel and Liljeberg, Pasi and Dutt, Nikil and Rahmani, Amir M.},
  year = {2019},
  pages = {519--524},
  publisher = {{ACM}},
  address = {{Tysons Corner, VA, USA}},
  doi = {10.1145/3299874.3319336},
  isbn = {978-1-4503-6252-8},
  series = {{{GLSVLSI}} '19}
}

@inproceedings{sharma2018are,
  title = {Are {{Existing Knowledge Transfer Techniques Effective}} for {{Deep Learning}} with {{Edge Devices}}?},
  booktitle = {2018 {{IEEE International Conference}} on {{Edge Computing}} ({{EDGE}})},
  author = {Sharma, R. and Biookaghazadeh, S. and Li, B. and Zhao, M.},
  year = {2018},
  month = jul,
  pages = {42--49},
  doi = {10.1109/EDGE.2018.00013}
}

@article{shi2016edge,
  title = {Edge {{Computing}}: {{Vision}} and {{Challenges}}},
  shorttitle = {Edge {{Computing}}},
  author = {Shi, Weisong and Cao, Jie and Zhang, Quan and Li, Youhuizi and Xu, Lanyu},
  year = {2016},
  month = oct,
  volume = {3},
  pages = {637--646},
  issn = {2327-4662},
  doi = {10.1109/JIOT.2016.2579198},
  journal = {IEEE Internet of Things Journal},
  number = {5}
}

@article{silver2016mastering,
  title = {Mastering the Game of {{Go}} with Deep Neural Networks and Tree Search},
  author = {Silver, David and Huang, Aja and Maddison, Chris J. and Guez, Arthur and Sifre, Laurent and van den Driessche, George and Schrittwieser, Julian and Antonoglou, Ioannis and Panneershelvam, Veda and Lanctot, Marc and Dieleman, Sander and Grewe, Dominik and Nham, John and Kalchbrenner, Nal and Sutskever, Ilya and Lillicrap, Timothy and Leach, Madeleine and Kavukcuoglu, Koray and Graepel, Thore and Hassabis, Demis},
  year = {2016},
  month = jan,
  volume = {529},
  pages = {484--489},
  issn = {1476-4687},
  doi = {10.1038/nature16961},
  copyright = {2016 Nature Publishing Group},
  journal = {Nature},
  language = {en},
  number = {7587}
}

@article{sofi2018survey,
  title = {A Survey on Energy Efficient {{5G}} Green Network with a Planned Multi-Tier Architecture},
  author = {Sofi, Ishfaq Bashir and Gupta, Akhil},
  year = {2018},
  month = sep,
  volume = {118},
  pages = {1--28},
  issn = {1084-8045},
  doi = {10.1016/j.jnca.2018.06.002},
  journal = {Journal of Network and Computer Applications}
}

@article{solozabal2018exploitation,
  title = {Exploitation of {{Mobile Edge Computing}} in {{5G Distributed Mission}}-{{Critical Push}}-to-{{Talk Service Deployment}}},
  author = {Solozabal, Ruben and Sanchoyerto, Aitor and Atxutegi, Eneko and Blanco, Bego and Fajardo, Jose Oscar and Liberal, Fidel},
  year = {2018},
  volume = {6},
  pages = {37665--37675},
  issn = {2169-3536},
  doi = {10.1109/ACCESS.2018.2849200},
  journal = {IEEE Access},
  language = {en}
}

@inproceedings{soualhia2019infrastructure,
  title = {Infrastructure {{Fault Detection}} and {{Prediction}} in {{Edge Cloud Environments}}},
  booktitle = {Proceedings of the 4th {{ACM}}/{{IEEE Symposium}} on {{Edge Computing}}},
  author = {Soualhia, Mbarka and Fu, Chunyan and Khomh, Foutse},
  year = {2019},
  pages = {222--235},
  publisher = {{ACM}},
  address = {{Arlington, Virginia}},
  doi = {10.1145/3318216.3363305},
  isbn = {978-1-4503-6733-2},
  series = {{{SEC}} '19}
}

@inproceedings{spyropoulos2016soft,
  title = {Soft {{Cache Hits}} and the {{Impact}} of {{Alternative Content Recommendations}} on {{Mobile Edge Caching}}},
  booktitle = {Proceedings of the {{Eleventh ACM Workshop}} on {{Challenged Networks}}},
  author = {Spyropoulos, Thrasyvoulos and Sermpezis, Pavlos},
  year = {2016},
  pages = {51--56},
  publisher = {{ACM}},
  address = {{New York, NY, USA}},
  doi = {10.1145/2979683.2979688},
  isbn = {978-1-4503-4256-8},
  series = {{{CHANTS}} '16}
}

@article{sthapit2019computational,
  title = {Computational {{Load Balancing}} on the {{Edge}} in {{Absence}} of {{Cloud}} and {{Fog}}},
  author = {Sthapit, Saurav and Thompson, John and Robertson, Neil M. and Hopgood, James R.},
  year = {2019},
  month = jul,
  volume = {18},
  pages = {1499--1512},
  issn = {2161-9875},
  doi = {10.1109/TMC.2018.2863301},
  journal = {IEEE Transactions on Mobile Computing},
  number = {7}
}

@inproceedings{streiffer2017eprivateeye,
  title = {{{ePrivateeye}}: {{To}} the {{Edge}} and {{Beyond}}!},
  shorttitle = {{{ePrivateeye}}},
  booktitle = {Proceedings of the {{Second ACM}}/{{IEEE Symposium}} on {{Edge Computing}}},
  author = {Streiffer, Christopher and Srivastava, Animesh and Orlikowski, Victor and Velasco, Yesenia and Martin, Vincentius and Raval, Nisarg and Machanavajjhala, Ashwin and Cox, Landon P.},
  year = {2017},
  pages = {18:1--18:13},
  publisher = {{ACM}},
  address = {{New York, NY, USA}},
  doi = {10.1145/3132211.3134457},
  isbn = {978-1-4503-5087-7},
  series = {{{SEC}} '17}
}

@article{sun2017emm,
  title = {{{EMM}}: {{Energy}}-{{Aware Mobility Management}} for {{Mobile Edge Computing}} in {{Ultra Dense Networks}}},
  shorttitle = {{{EMM}}},
  author = {Sun, Y. and Zhou, S. and Xu, J.},
  year = {2017},
  month = nov,
  volume = {35},
  pages = {2637--2646},
  issn = {0733-8716},
  doi = {10.1109/JSAC.2017.2760160},
  journal = {IEEE Journal on Selected Areas in Communications},
  number = {11}
}

@article{taherizadeh2018monitoring,
  title = {Monitoring Self-Adaptive Applications within Edge Computing Frameworks: {{A}} State-of-the-Art Review},
  shorttitle = {Monitoring Self-Adaptive Applications within Edge Computing Frameworks},
  author = {Taherizadeh, Salman and Jones, Andrew C. and Taylor, Ian and Zhao, Zhiming and Stankovski, Vlado},
  year = {2018},
  month = feb,
  volume = {136},
  pages = {19--38},
  issn = {0164-1212},
  doi = {10.1016/j.jss.2017.10.033},
  journal = {Journal of Systems and Software}
}

@inproceedings{tan2017locationaware,
  title = {Location-Aware Load Prediction in {{Edge Data Centers}}},
  booktitle = {Proceedings of 2017 {{Second International Conference}} on {{Fog}} and {{Mobile Edge Computing}} ({{FMEC}})},
  author = {Tan, Chanh Nguyen Le and Klein, C. and Elmroth, E.},
  year = {2017},
  month = may,
  pages = {25--31},
  doi = {10.1109/FMEC.2017.7946403}
}

@inproceedings{tan2017online,
  title = {Online Job Dispatching and Scheduling in Edge-Clouds},
  booktitle = {{{IEEE INFOCOM}} 2017 - {{IEEE Conference}} on {{Computer Communications}}},
  author = {Tan, Haisheng and Han, Zhenhua and Li, Xiang-Yang and Lau, Francis C.M.},
  year = {2017},
  month = may,
  pages = {1--9},
  issn = {null},
  doi = {10.1109/INFOCOM.2017.8057116}
}

@inproceedings{tan2018survey,
  title = {A {{Survey}} on {{Deep Transfer Learning}}},
  booktitle = {Artificial {{Neural Networks}} and {{Machine Learning}} \textendash{} {{ICANN}} 2018},
  author = {Tan, Chuanqi and Sun, Fuchun and Kong, Tao and Zhang, Wenchang and Yang, Chao and Liu, Chunfang},
  editor = {K{\r{u}}rkov{\'a}, V{\v e}ra and Manolopoulos, Yannis and Hammer, Barbara and Iliadis, Lazaros and Maglogiannis, Ilias},
  year = {2018},
  pages = {270--279},
  publisher = {{Springer International Publishing}},
  isbn = {978-3-030-01424-7},
  language = {en},
  series = {Lecture {{Notes}} in {{Computer Science}}}
}

@article{tanganelli2018edgecentric,
  title = {Edge-{{Centric Distributed Discovery}} and {{Access}} in the {{Internet}} of {{Things}}},
  author = {Tanganelli, G. and Vallati, C. and Mingozzi, E.},
  year = {2018},
  month = feb,
  volume = {5},
  pages = {425--438},
  doi = {10.1109/JIOT.2017.2767381},
  journal = {IEEE Internet of Things Journal},
  number = {1}
}

@article{taylor2009transfer,
  title = {Transfer {{Learning}} for {{Reinforcement Learning Domains}}: {{A Survey}}},
  shorttitle = {Transfer {{Learning}} for {{Reinforcement Learning Domains}}},
  author = {Taylor, Matthew E. and Stone, Peter},
  year = {2009},
  month = dec,
  volume = {10},
  pages = {1633--1685},
  issn = {1532-4435},
  journal = {J. Mach. Learn. Res.}
}

@article{teerapittayanon2017branchynet,
  title = {{{BranchyNet}}: {{Fast Inference}} via {{Early Exiting}} from {{Deep Neural Networks}}},
  shorttitle = {{{BranchyNet}}},
  author = {Teerapittayanon, Surat and McDanel, Bradley and Kung, H. T.},
  year = {2017},
  month = sep,
  archivePrefix = {arXiv},
  eprint = {1709.01686},
  eprinttype = {arxiv},
  journal = {arXiv:1709.01686 [cs]},
  primaryClass = {cs}
}

@inproceedings{thiran2001network,
  title = {Network Calculus Applied to Optimal Multimedia Smoothing},
  booktitle = {Proceedings {{IEEE INFOCOM}} 2001. {{Conference}} on {{Computer Communications}}. {{Twentieth Annual Joint Conference}} of the {{IEEE Computer}} and {{Communications Society}} ({{Cat}}. {{No}}.{{01CH37213}})},
  author = {Thiran, P. and Le Boudec, J.-Y. and Worm, F.},
  year = {2001},
  month = apr,
  volume = {3},
  pages = {1474-1483 vol.3},
  issn = {0743-166X},
  doi = {10.1109/INFCOM.2001.916643}
}

@inproceedings{tinghe2018it,
  title = {It's {{Hard}} to {{Share}}: {{Joint Service Placement}} and {{Request Scheduling}} in {{Edge Clouds}} with {{Sharable}} and {{Non}}-{{Sharable Resources}}},
  shorttitle = {It's {{Hard}} to {{Share}}},
  booktitle = {2018 {{IEEE}} 38th {{International Conference}} on {{Distributed Computing Systems}} ({{ICDCS}})},
  author = {{Ting He} and {Hana Khamfroush} and {Shiqiang Wang} and {Tom La Porta} and {Sebastian Stein}},
  year = {2018},
  month = jul,
  pages = {365--375},
  publisher = {{IEEE}},
  address = {{Vienna}},
  doi = {10.1109/ICDCS.2018.00044},
  isbn = {978-1-5386-6871-9}
}

@inproceedings{tong2016hierarchical,
  title = {A Hierarchical Edge Cloud Architecture for Mobile Computing},
  booktitle = {{{IEEE INFOCOM}} 2016 - {{The}} 35th {{Annual IEEE International Conference}} on {{Computer Communications}}},
  author = {Tong, L. and Li, Y. and Gao, W.},
  year = {2016},
  month = apr,
  pages = {1--9},
  doi = {10.1109/INFOCOM.2016.7524340}
}

@article{toosi2018management,
  title = {Management and {{Orchestration}} of {{Network Slices}} in {{5G}}, {{Fog}}, {{Edge}} and {{Clouds}}},
  author = {Toosi, Adel Nadjaran and Mahmud, Redowan and Chi, Qinghua and Buyya, Rajkumar},
  year = {2018},
  month = dec,
  archivePrefix = {arXiv},
  eprint = {1812.00593},
  eprinttype = {arxiv},
  journal = {arXiv:1812.00593 [cs]},
  primaryClass = {cs}
}

@article{tran2019adaptive,
  title = {Adaptive {{Bitrate Video Caching}} and {{Processing}} in {{Mobile}}-{{Edge Computing Networks}}},
  author = {Tran, Tuyen X. and Pompili, Dario},
  year = {2019},
  month = sep,
  volume = {18},
  pages = {1965--1978},
  issn = {2161-9875},
  doi = {10.1109/TMC.2018.2871147},
  journal = {IEEE Transactions on Mobile Computing},
  number = {9}
}

@article{trestian2012game,
  title = {Game {{Theory}}-{{Based Network Selection}}: {{Solutions}} and {{Challenges}}},
  shorttitle = {Game {{Theory}}-{{Based Network Selection}}},
  author = {Trestian, R. and Ormond, O. and Muntean, G.},
  year = {Fourth 2012},
  volume = {14},
  pages = {1212--1231},
  doi = {10.1109/SURV.2012.010912.00081},
  journal = {IEEE Communications Surveys Tutorials},
  number = {4}
}

@inproceedings{understanding,
  title = {Understanding and {{Modeling}} of {{WiFi Signal Based Human Activity Recognition}}}
}

@article{vakil-ghahani2018cache,
  title = {Cache {{Replacement Policy Based}} on {{Expected Hit Count}}},
  author = {{Vakil-Ghahani}, A. and {Mahdizadeh-Shahri}, S. and {Lotfi-Namin}, M. R. and Bakhshalipour, M. and {Lotfi-Kamran}, P. and {Sarbazi-Azad}, H.},
  year = {2018},
  month = jan,
  volume = {17},
  pages = {64--67},
  issn = {1556-6056},
  doi = {10.1109/LCA.2017.2762660},
  journal = {IEEE Computer Architecture Letters},
  number = {1}
}

@inproceedings{vanderburg2011selfadaptive,
  title = {A {{Self}}-Adaptive {{Deployment Framework}} for {{Service}}-Oriented {{Systems}}},
  booktitle = {Proceedings of the 6th {{International Symposium}} on {{Software Engineering}} for {{Adaptive}} and {{Self}}-{{Managing Systems}}},
  author = {{van der Burg}, Sander and Dolstra, Eelco},
  year = {2011},
  pages = {208--217},
  publisher = {{ACM}},
  address = {{New York, NY, USA}},
  doi = {10.1145/1988008.1988039},
  isbn = {978-1-4503-0575-4},
  series = {{{SEAMS}} '11}
}

@inproceedings{villari2017deployment,
  title = {Deployment Orchestration of Microservices with Geographical Constraints for {{Edge}} Computing},
  booktitle = {Proceedings of 2017 {{IEEE Symposium}} on {{Computers}} and {{Communications}} ({{ISCC}})},
  author = {Villari, Massimo and Celesti, Antonio and Tricomi, Giuseppe and Galletta, Antonino and Fazio, Maria},
  year = {2017},
  month = jul,
  pages = {633--638},
  publisher = {{IEEE}},
  address = {{Heraklion, Greece}},
  doi = {10.1109/ISCC.2017.8024599},
  isbn = {978-1-5386-1629-1}
}

@inproceedings{vita2018deep,
  title = {A {{Deep Reinforcement Learning Approach For Data Migration}} in {{Multi}}-{{Access Edge Computing}}},
  booktitle = {2018 {{ITU Kaleidoscope}}: {{Machine Learning}} for a {{5G Future}} ({{ITU K}})},
  author = {Vita, F. D. and Bruneo, D. and Puliafito, A. and Nardini, G. and Virdis, A. and Stea, G.},
  year = {2018},
  month = nov,
  pages = {1--8},
  doi = {10.23919/ITU-WT.2018.8597889}
}

@article{vogler2018optimizing,
  title = {Optimizing {{Elastic IoT Application Deployments}}},
  author = {V{\"o}gler, M. and Schleicher, J. M. and Inzinger, C. and Dustdar, S.},
  year = {2018},
  month = sep,
  volume = {11},
  pages = {879--892},
  issn = {1939-1374},
  doi = {10.1109/TSC.2016.2617327},
  journal = {IEEE Transactions on Services Computing},
  number = {5}
}

@article{wang2017dynamic,
  title = {Dynamic {{Service Placement}} for {{Mobile Micro}}-{{Clouds}} with {{Predicted Future Costs}}},
  author = {Wang, S. and Urgaonkar, R. and He, T. and Chan, K. and Zafer, M. and Leung, K. K.},
  year = {2017},
  month = apr,
  volume = {28},
  pages = {1002--1016},
  issn = {1045-9219},
  doi = {10.1109/TPDS.2016.2604814},
  journal = {IEEE Transactions on Parallel and Distributed Systems},
  number = {4}
}

@article{wang2017qos,
  title = {{{QoS}} Prediction for Service Recommendations in Mobile Edge Computing},
  author = {Wang, Shangguang and Zhao, Yali and Huang, Lin and Xu, Jinliang and Hsu, Ching-Hsien},
  year = {2017},
  month = oct,
  issn = {0743-7315},
  doi = {10.1016/j.jpdc.2017.09.014},
  journal = {Journal of Parallel and Distributed Computing}
}

@article{wang2017service,
  title = {On {{Service Migrations}} in the {{Cloud}} for {{Mobile Accesses}}: {{A Distributed Approach}}},
  shorttitle = {On {{Service Migrations}} in the {{Cloud}} for {{Mobile Accesses}}},
  author = {Wang, Yang and Veeravalli, Bharadwaj and Tham, Chen-Khong and He, Shuibing and Xu, Chengzhong},
  year = {2017},
  month = may,
  volume = {12},
  pages = {6:1--6:25},
  issn = {1556-4665},
  doi = {10.1145/3050438},
  journal = {ACM Trans. Auton. Adapt. Syst.},
  number = {2}
}

@inproceedings{wang2017virtual,
  title = {Virtual Machine Placement and Workload Assignment for Mobile Edge Computing},
  booktitle = {2017 {{IEEE}} 6th {{International Conference}} on {{Cloud Networking}} ({{CloudNet}})},
  author = {Wang, W. and Zhao, Y. and Tornatore, M. and Gupta, A. and Zhang, J. and Mukherjee, B.},
  year = {2017},
  month = sep,
  pages = {1--6},
  doi = {10.1109/CloudNet.2017.8071527}
}

@article{wang2018cloudbased,
  title = {Toward {{Cloud}}-{{Based Distributed Interactive Applications}}: {{Measurement}}, {{Modeling}}, and {{Analysis}}},
  shorttitle = {Toward {{Cloud}}-{{Based Distributed Interactive Applications}}},
  author = {Wang, H. and Li, T. and Shea, R. and Ma, X. and Wang, F. and Liu, J. and Xu, K.},
  year = {2018},
  month = feb,
  volume = {26},
  pages = {3--16},
  issn = {1063-6692},
  doi = {10.1109/TNET.2017.2765246},
  journal = {IEEE/ACM Transactions on Networking},
  number = {1}
}

@article{wang2018edge,
  title = {Edge Server Placement in Mobile Edge Computing},
  author = {Wang, Shangguang and Zhao, Yali and Xu, Jinlinag and Yuan, Jie and Hsu, Ching-Hsien},
  year = {2018},
  month = jun,
  volume = {127},
  pages = {160--168},
  issn = {0743-7315},
  doi = {10.1016/j.jpdc.2018.06.008},
  journal = {Journal of Parallel and Distributed Computing}
}

@article{wang2018efficient,
  title = {An {{Efficient Prediction}}-{{Based User Recruitment}} for {{Mobile Crowdsensing}}},
  author = {Wang, E. and Yang, Y. and Wu, J. and Liu, W. and Wang, X.},
  year = {2018},
  month = jan,
  volume = {17},
  pages = {16--28},
  issn = {1536-1233},
  doi = {10.1109/TMC.2017.2702613},
  journal = {IEEE Transactions on Mobile Computing},
  number = {1}
}

@article{wang2018green,
  title = {Towards {{Green Service Composition Approach}} in the {{Cloud}}},
  author = {Wang, S. and Zhou, A. and Bao, R. and Chou, W. and Yau, S. S.},
  year = {2018},
  pages = {1--1},
  issn = {1939-1374},
  doi = {10.1109/TSC.2018.2868356},
  journal = {IEEE Transactions on Services Computing}
}

@article{wang2018networkaware,
  title = {Towards {{Network}}-{{Aware Service Composition}} in the {{Cloud}}},
  author = {Wang, S. and Zhou, A. and Yang, F. and Chang, R. N.},
  year = {2018},
  pages = {1--1},
  issn = {2168-7161},
  doi = {10.1109/TCC.2016.2603504},
  journal = {IEEE Transactions on Cloud Computing}
}

@inproceedings{wang2018service,
  title = {Service {{Entity Placement}} for {{Social Virtual Reality Applications}} in {{Edge Computing}}},
  booktitle = {{{IEEE INFOCOM}} 2018 - {{IEEE Conference}} on {{Computer Communications}}},
  author = {Wang, L. and Jiao, L. and He, T. and Li, J. and M{\"u}hlh{\"a}user, M.},
  year = {2018},
  month = apr,
  pages = {468--476},
  doi = {10.1109/INFOCOM.2018.8486411}
}

@inproceedings{wang2018when,
  title = {When {{Edge Meets Learning}}: {{Adaptive Control}} for {{Resource}}-{{Constrained Distributed Machine Learning}}},
  shorttitle = {When {{Edge Meets Learning}}},
  booktitle = {{{IEEE INFOCOM}} 2018 - {{IEEE Conference}} on {{Computer Communications}}},
  author = {Wang, S. and Tuor, T. and Salonidis, T. and Leung, K. K. and Makaya, C. and He, T. and Chan, K.},
  year = {2018},
  month = apr,
  pages = {63--71},
  doi = {10.1109/INFOCOM.2018.8486403}
}

@article{wang2019dynamic,
  title = {Dynamic {{Service Migration}} in {{Mobile Edge Computing Based}} on {{Markov Decision Process}}},
  author = {Wang, S. and Urgaonkar, R. and Zafer, M. and He, T. and Chan, K. and Leung, K. K.},
  year = {2019},
  month = jun,
  volume = {27},
  pages = {1272--1288},
  issn = {1063-6692},
  doi = {10.1109/TNET.2019.2916577},
  journal = {IEEE/ACM Transactions on Networking},
  number = {3}
}

@inproceedings{wang2019frame,
  title = {{{FRAME}}: {{Fault Tolerant}} and {{Real}}-{{Time Messaging}} for {{Edge Computing}}},
  shorttitle = {{{FRAME}}},
  booktitle = {2019 {{IEEE}} 39th {{International Conference}} on {{Distributed Computing Systems}} ({{ICDCS}})},
  author = {Wang, Chao and Gill, Christopher and Lu, Chenyang},
  year = {2019},
  month = jul,
  pages = {976--985},
  issn = {2575-8411, 1063-6927},
  doi = {10.1109/ICDCS.2019.00101}
}

@article{wang2019moera,
  title = {{{MOERA}}: {{Mobility}}-{{Agnostic Online Resource Allocation}} for {{Edge Computing}}},
  shorttitle = {{{MOERA}}},
  author = {Wang, Lin and Jiao, Lei and Li, Jun and Gedeon, Julien and M{\"u}hlh{\"a}user, Max},
  year = {2019},
  month = aug,
  volume = {18},
  pages = {1843--1856},
  issn = {2161-9875},
  doi = {10.1109/TMC.2018.2867520},
  journal = {IEEE Transactions on Mobile Computing},
  number = {8}
}

@article{wang2019rc,
  title = {{{RC}} Performance Analysis Based on Model Optimization with the Aid of Network Calculus},
  author = {Wang, Hongchun and Hu, JiangQi and Niu, WenSheng},
  year = {2019},
  month = apr,
  volume = {37},
  pages = {253--260},
  issn = {1572-8188},
  doi = {10.1007/s11107-018-00827-7},
  journal = {Photonic Network Communications},
  language = {en},
  number = {2}
}

@article{wang2019softwaredefined,
  title = {Software-{{Defined Networking Enhanced Edge Computing}}: {{A Network}}-{{Centric Survey}}},
  shorttitle = {Software-{{Defined Networking Enhanced Edge Computing}}},
  author = {Wang, A. and Zha, Z. and Guo, Y. and Chen, S.},
  year = {2019},
  month = aug,
  volume = {107},
  pages = {1500--1519},
  doi = {10.1109/JPROC.2019.2924377},
  journal = {Proceedings of the IEEE},
  number = {8}
}

@article{wang2019softwaredefineda,
  title = {Software-{{Defined Networking Enhanced Edge Computing}}: {{A Network}}-{{Centric Survey}}},
  shorttitle = {Software-{{Defined Networking Enhanced Edge Computing}}},
  author = {Wang, An and Zha, Zili and Guo, Yang and Chen, Songqing},
  year = {2019},
  month = aug,
  volume = {107},
  pages = {1500--1519},
  issn = {0018-9219, 1558-2256},
  doi = {10.1109/JPROC.2019.2924377},
  journal = {Proceedings of the IEEE},
  number = {8}
}

@article{wangcloudguided,
  title = {A {{Cloud}}-Guided {{Feature Extraction Approach}} for {{Image Retrieval}} in {{Mobile Edge Computing}}},
  author = {Wang, Shangguang and Zhou, Ao and Cao, Jiannong},
  pages = {11},
  journal = {IEEE TRANSACTIONS ON MOBILE COMPUTING},
  language = {en}
}

@inproceedings{wolski2019cspot,
  title = {{{CSPOT}}: {{Portable}}, {{Multi}}-Scale {{Functions}}-as-a-Service for {{IoT}}},
  shorttitle = {{{CSPOT}}},
  booktitle = {Proceedings of the 4th {{ACM}}/{{IEEE Symposium}} on {{Edge Computing}}},
  author = {Wolski, Rich and Krintz, Chandra and Bakir, Fatih and George, Gareth and Lin, Wei-Tsung},
  year = {2019},
  pages = {236--249},
  publisher = {{ACM}},
  address = {{Arlington, Virginia}},
  doi = {10.1145/3318216.3363314},
  isbn = {978-1-4503-6733-2},
  series = {{{SEC}} '19}
}

@inproceedings{wu2010model,
  title = {On the Model Transform in Stochastic Network Calculus},
  booktitle = {2010 {{IEEE}} 18th {{International Workshop}} on {{Quality}} of {{Service}} ({{IWQoS}})},
  author = {Wu, Kui and Jiang, Yuming and Li, Jie},
  year = {2010},
  month = jun,
  pages = {1--9},
  issn = {1548-615X},
  doi = {10.1109/IWQoS.2010.5542751}
}

@article{wu2018dynamic,
  title = {Dynamic {{Deployment}} and {{Cost}}-{{Sensitive Provisioning}} for {{Elastic Mobile Cloud Services}}},
  author = {Wu, Kuo-Chu and Liu, Wei-Yi and Wu, Shiow-Yang},
  year = {2018},
  month = jun,
  volume = {17},
  pages = {1326--1338},
  issn = {1536-1233},
  doi = {10.1109/TMC.2017.2771427},
  journal = {IEEE Transactions on Mobile Computing},
  number = {6}
}

@article{wu2018novel,
  title = {A Novel Service Deployment Approach Based on Resilience Metrics for Service-Oriented System},
  author = {Wu, Yumei and Fang, Yuanyuan and Liu, Bin and Zhao, Zehui},
  year = {2018},
  month = oct,
  volume = {22},
  pages = {1099--1107},
  issn = {1617-4917},
  doi = {10.1007/s00779-018-1163-0},
  journal = {Personal and Ubiquitous Computing},
  language = {en},
  number = {5}
}

@inproceedings{wu2019charginga,
  title = {Charging {{Oriented Sensor Placement}} and {{Flexible Scheduling}} in {{Rechargeable WSNs}}},
  booktitle = {{{IEEE INFOCOM}} 2019 - {{IEEE Conference}} on {{Computer Communications}}},
  author = {Wu, T. and Yang, P. and Dai, H. and Xu, W. and Xu, M.},
  year = {2019},
  month = apr,
  pages = {73--81},
  doi = {10.1109/INFOCOM.2019.8737502}
}

@inproceedings{wu2019collaborated,
  title = {Collaborated {{Tasks}}-Driven {{Mobile Charging}} and {{Scheduling}}: {{A Near Optimal Result}}},
  shorttitle = {Collaborated {{Tasks}}-Driven {{Mobile Charging}} and {{Scheduling}}},
  booktitle = {{{IEEE INFOCOM}} 2019 - {{IEEE Conference}} on {{Computer Communications}}},
  author = {Wu, T. and Yang, P. and Dai, H. and Xu, W. and Xu, M.},
  year = {2019},
  month = apr,
  pages = {1810--1818},
  doi = {10.1109/INFOCOM.2019.8737509}
}

@inproceedings{wu2019when,
  title = {When {{FPGA}}-{{Accelerator Meets Stream Data Processing}} in the {{Edge}}},
  booktitle = {2019 {{IEEE}} 39th {{International Conference}} on {{Distributed Computing Systems}} ({{ICDCS}})},
  author = {Wu, Song and Hu, Die and Ibrahim, Shadi and Jin, Hai and Xiao, Jiang and Chen, Fei and Liu, Haikun},
  year = {2019},
  month = jul,
  pages = {1818--1829},
  issn = {2575-8411, 1063-6927},
  doi = {10.1109/ICDCS.2019.00180}
}

@inproceedings{xiang2016adaptive,
  title = {An {{Adaptive Cloudlet Placement Method}} for {{Mobile Applications}} over {{GPS Big Data}}},
  booktitle = {2016 {{IEEE Global Communications Conference}} ({{GLOBECOM}})},
  author = {Xiang, H. and Xu, X. and Zheng, H. and Li, S. and Wu, T. and Dou, W. and Yu, S.},
  year = {2016},
  month = dec,
  pages = {1--6},
  doi = {10.1109/GLOCOM.2016.7841576}
}

@inproceedings{xiao2018heuristic,
  title = {A {{Heuristic Algorithm Based}} on {{Resource Requirements Forecasting}} for {{Server Placement}} in {{Edge Computing}}},
  booktitle = {2018 {{IEEE}}/{{ACM Symposium}} on {{Edge Computing}} ({{SEC}})},
  author = {Xiao, K. and Gao, Z. and Wang, Q. and Yang, Y.},
  year = {2018},
  month = oct,
  pages = {354--355},
  doi = {10.1109/SEC.2018.00043}
}

@inproceedings{xiao2019driving,
  title = {Driving in the {{Fog}}: {{Latency Measurement}}, {{Modeling}}, and {{Optimization}} of {{LTE}}-Based {{Fog Computing}} for {{Smart Vehicles}}},
  shorttitle = {Driving in the {{Fog}}},
  booktitle = {2019 16th {{Annual IEEE International Conference}} on {{Sensing}}, {{Communication}}, and {{Networking}} ({{SECON}})},
  author = {Xiao, Yong and Krunz, Marwan and Volos, Haris and Bando, Takashi},
  year = {2019},
  month = jun,
  pages = {1--9},
  issn = {2155-5494, 2155-5486},
  doi = {10.1109/SAHCN.2019.8824922}
}

@inproceedings{xie2019efficient,
  title = {Efficient {{Data Placement}} and {{Retrieval Services}} in {{Edge Computing}}},
  booktitle = {2019 {{IEEE}} 39th {{International Conference}} on {{Distributed Computing Systems}} ({{ICDCS}})},
  author = {XIE, JUNJIE and Qian, Chen and Guo, Deke and Li, Xin and Shi, Shouqian and Chen, Honghui},
  year = {2019},
  month = jul,
  pages = {1029--1039},
  issn = {2575-8411, 1063-6927},
  doi = {10.1109/ICDCS.2019.00106}
}

@inproceedings{xie2019pragh,
  title = {Pragh: {{Locality}}-Preserving {{Graph Traversal}} with {{Split Live Migration}}},
  shorttitle = {Pragh},
  booktitle = {2019 \{\vphantom\}{{USENIX}}\vphantom\{\} {{Annual Technical Conference}} (\{\vphantom\}{{USENIX}}\vphantom\{\} \{\vphantom\}{{ATC}}\vphantom\{\} 19)},
  author = {Xie, Xiating and Wei, Xingda and Chen, Rong and Chen, Haibo},
  year = {2019},
  month = jul,
  pages = {723--738},
  address = {{Renton, WA, USA,}},
  isbn = {978-1-939133-03-8},
  language = {en}
}

@article{xing2018distributed,
  title = {A Distributed Multi-Level Model with Dynamic Replacement for the Storage of Smart Edge Computing},
  author = {Xing, Jiarong and Dai, Hongjun and Yu, Zhilou},
  year = {2018},
  month = feb,
  volume = {83},
  pages = {1--11},
  issn = {1383-7621},
  doi = {10.1016/j.sysarc.2017.11.002},
  journal = {Journal of Systems Architecture}
}

@inproceedings{xu2015capacitated,
  title = {Capacitated Cloudlet Placements in {{Wireless Metropolitan Area Networks}}},
  booktitle = {2015 {{IEEE}} 40th {{Conference}} on {{Local Computer Networks}} ({{LCN}})},
  author = {Xu, Z. and Liang, W. and Xu, W. and Jia, M. and Guo, S.},
  year = {2015},
  month = oct,
  pages = {570--578},
  doi = {10.1109/LCN.2015.7366372}
}

@inproceedings{xu2016caople,
  title = {{{CAOPLE}}: {{A Programming Language}} for {{Microservices SaaS}}},
  shorttitle = {{{CAOPLE}}},
  booktitle = {2016 {{IEEE Symposium}} on {{Service}}-{{Oriented System Engineering}} ({{SOSE}})},
  author = {Xu, C. and Zhu, H. and Bayley, I. and Lightfoot, D. and Green, M. and Marshall, P.},
  year = {2016},
  month = mar,
  pages = {34--43},
  doi = {10.1109/SOSE.2016.46}
}

@article{xu2016efficient,
  title = {Efficient {{Algorithms}} for {{Capacitated Cloudlet Placements}}},
  author = {Xu, Z. and Liang, W. and Xu, W. and Jia, M. and Guo, S.},
  year = {2016},
  month = oct,
  volume = {27},
  pages = {2866--2880},
  issn = {1045-9219},
  doi = {10.1109/TPDS.2015.2510638},
  journal = {IEEE Transactions on Parallel and Distributed Systems},
  number = {10}
}

@inproceedings{xu2017exploiting,
  title = {Exploiting Network Similarity for Latency Prediction of Edge Devices},
  booktitle = {2017 {{IEEE International Conference}} on {{Communications}} ({{ICC}})},
  author = {Xu, S. and Liu, P. and Panwar, S. S.},
  year = {2017},
  month = may,
  pages = {1--5},
  doi = {10.1109/ICC.2017.7996450}
}

@inproceedings{xu2018deepcache,
  title = {{{DeepCache}}: {{Principled Cache}} for {{Mobile Deep Vision}}},
  shorttitle = {{{DeepCache}}},
  booktitle = {Proceedings of the 24th {{Annual International Conference}} on {{Mobile Computing}} and {{Networking}}},
  author = {Xu, Mengwei and Zhu, Mengze and Liu, Yunxin and Lin, Felix Xiaozhu and Liu, Xuanzhe},
  year = {2018},
  pages = {129--144},
  publisher = {{ACM}},
  address = {{New York, NY, USA}},
  doi = {10.1145/3241539.3241563},
  isbn = {978-1-4503-5903-0},
  series = {{{MobiCom}} '18}
}

@inproceedings{xu2018joint,
  title = {Joint {{Service Caching}} and {{Task Offloading}} for {{Mobile Edge Computing}} in {{Dense Networks}}},
  booktitle = {{{IEEE INFOCOM}} 2018 - {{IEEE Conference}} on {{Computer Communications}}},
  author = {Xu, J. and Chen, L. and Zhou, P.},
  year = {2018},
  month = apr,
  pages = {207--215},
  doi = {10.1109/INFOCOM.2018.8485977}
}

@inproceedings{xu2019analyzing,
  title = {Analyzing {{Viewport Prediction Under Different VR Interactions}}},
  booktitle = {Proceedings of the 15th {{International Conference}} on {{Emerging Networking Experiments And Technologies}}},
  author = {Xu, Tan and Han, Bo and Qian, Feng},
  year = {2019},
  pages = {165--171},
  publisher = {{ACM}},
  address = {{Orlando, Florida}},
  doi = {10.1145/3359989.3365413},
  isbn = {978-1-4503-6998-5},
  series = {{{CoNEXT}} '19}
}

@article{xu2019task,
  title = {Task {{Offloading}} with {{Network Function Requirements}} in a {{Mobile Edge}}-{{Cloud Network}}},
  author = {Xu, Zichuan and Liang, Weifa and Jia, Mike and Huang, Meitian and Mao, Guoqiang},
  year = {2019},
  month = nov,
  volume = {18},
  pages = {2672--2685},
  issn = {2161-9875},
  doi = {10.1109/TMC.2018.2877623},
  journal = {IEEE Transactions on Mobile Computing},
  number = {11}
}

@article{xujoint,
  title = {Joint {{Service Caching}} and {{Task Offloading}} for {{Mobile Edge Computing}} in {{Dense Networks}}},
  author = {Xu, Jie and Chen, Lixing and Zhou, Pan},
  pages = {9},
  language = {en}
}

@inproceedings{yala2017balancing,
  title = {Balancing between {{Cost}} and {{Availability}} for {{CDNaaS Resource Placement}}},
  booktitle = {{{GLOBECOM}} 2017 - 2017 {{IEEE Global Communications Conference}}},
  author = {Yala, L. and Frangoudis, P. A. and Lucarelli, G. and Ksentini, A.},
  year = {2017},
  month = dec,
  pages = {1--7},
  doi = {10.1109/GLOCOM.2017.8254051}
}

@article{yang2016cost,
  title = {Cost {{Aware Service Placement}} and {{Load Dispatching}} in {{Mobile Cloud Systems}}},
  author = {Yang, Lei and Cao, Jiannong and Liang, Guanqing and Han, Xu},
  year = {2016},
  month = may,
  volume = {65},
  pages = {1440--1452},
  issn = {0018-9340},
  doi = {10.1109/TC.2015.2435781},
  journal = {IEEE Transactions on Computers},
  number = {5}
}

@inproceedings{yang2017survey,
  title = {A {{Survey}} of {{User Preferences Oriented Service Selection}} and {{Deployment}} in {{Multi}}-{{Cloud Environment}}},
  booktitle = {2017 18th {{International Conference}} on {{Parallel}} and {{Distributed Computing}}, {{Applications}} and {{Technologies}} ({{PDCAT}})},
  author = {Yang, L. and Liu, L. and Fan, Q.},
  year = {2017},
  month = dec,
  pages = {354--359},
  doi = {10.1109/PDCAT.2017.00065}
}

@article{yang2019cloudlet,
  title = {Cloudlet {{Placement}} and {{Task Allocation}} in {{Mobile Edge Computing}}},
  author = {Yang, S. and Li, F. and Shen, M. and Chen, X. and Fu, X. and Wang, Y.},
  year = {2019},
  month = jun,
  volume = {6},
  pages = {5853--5863},
  issn = {2327-4662},
  doi = {10.1109/JIOT.2019.2907605},
  journal = {IEEE Internet of Things Journal},
  number = {3}
}

@inproceedings{yi2017lavea,
  title = {{{LAVEA}}: {{Latency}}-Aware {{Video Analytics}} on {{Edge Computing Platform}}},
  shorttitle = {{{LAVEA}}},
  booktitle = {Proceedings of the {{Second ACM}}/{{IEEE Symposium}} on {{Edge Computing}}},
  author = {Yi, Shanhe and Hao, Zijiang and Zhang, Qingyang and Zhang, Quan and Shi, Weisong and Li, Qun},
  year = {2017},
  pages = {15:1--15:13},
  publisher = {{ACM}},
  address = {{New York, NY, USA}},
  doi = {10.1145/3132211.3134459},
  isbn = {978-1-4503-5087-7},
  series = {{{SEC}} '17}
}

@article{yin2017edge,
  title = {Edge {{Provisioning}} with {{Flexible Server Placement}}},
  author = {Yin, H. and Zhang, X. and Liu, H. H. and Luo, Y. and Tian, C. and Zhao, S. and Li, F.},
  year = {2017},
  month = apr,
  volume = {28},
  pages = {1031--1045},
  issn = {1045-9219},
  doi = {10.1109/TPDS.2016.2604803},
  journal = {IEEE Transactions on Parallel and Distributed Systems},
  number = {4}
}

@inproceedings{yu2006spc102,
  title = {{{SPC10}}-2: {{Iterative Water}}-Filling for {{Optimal Resource Allocation}} in {{OFDM Multiple}}-{{Access}} and {{Broadcast Channels}}},
  shorttitle = {{{SPC10}}-2},
  booktitle = {{{IEEE Globecom}} 2006},
  author = {Yu, David D. and Cioffi, John M.},
  year = {2006},
  month = nov,
  pages = {1--5},
  issn = {1930-529X},
  doi = {10.1109/GLOCOM.2006.587}
}

@inproceedings{yu2017autonomous,
  title = {Autonomous Overtaking Decision Making of Driverless Bus Based on Deep {{Q}}-Learning Method},
  booktitle = {2017 {{IEEE International Conference}} on {{Robotics}} and {{Biomimetics}} ({{ROBIO}})},
  author = {Yu, L. and Shao, X. and Yan, X.},
  year = {2017},
  month = dec,
  pages = {2267--2272},
  doi = {10.1109/ROBIO.2017.8324756}
}

@inproceedings{yu2019load,
  title = {Load {{Balancing}} for {{Interdependent IoT Microservices}}},
  booktitle = {{{IEEE INFOCOM}} 2019 - {{IEEE Conference}} on {{Computer Communications}}},
  author = {Yu, R. and Kilari, V. T. and Xue, G. and Yang, D.},
  year = {2019},
  month = apr,
  pages = {298--306},
  doi = {10.1109/INFOCOM.2019.8737450}
}

@article{yu2019premigration,
  title = {Pre-{{Migration}} of {{Vehicle}} to {{Network Services Based}} on {{Priority}} in {{Mobile Edge Computing}}},
  author = {Yu, X. and Guan, M. and Liao, M. and Fan, X.},
  year = {2019},
  volume = {7},
  pages = {3722--3730},
  issn = {2169-3536},
  doi = {10.1109/ACCESS.2018.2888478},
  journal = {IEEE Access}
}

@inproceedings{zaw2019cost,
  title = {Cost and {{Latency Tradeoff}} in {{Mobile Edge Computing}}: {{A Distributed Game Approach}}},
  shorttitle = {Cost and {{Latency Tradeoff}} in {{Mobile Edge Computing}}},
  booktitle = {2019 {{IEEE International Conference}} on {{Big Data}} and {{Smart Computing}} ({{BigComp}})},
  author = {Zaw, C. W. and Ei, N. N. and Im, H. Y. Reum and Tun, Y. K. and Hong, C. S.},
  year = {2019},
  month = feb,
  pages = {1--7},
  doi = {10.1109/BIGCOMP.2019.8679304}
}

@article{zeng2019costeffective,
  title = {Cost-{{Effective Edge Server Placement}} in {{Wireless Metropolitan Area Networks}}},
  author = {Zeng, Feng and Ren, Yongzheng and Deng, Xiaoheng and Li, Wenjia},
  year = {2019},
  month = jan,
  volume = {19},
  pages = {32},
  doi = {10.3390/s19010032},
  copyright = {http://creativecommons.org/licenses/by/3.0/},
  journal = {Sensors},
  language = {en},
  number = {1}
}

@inproceedings{zeng2019joint,
  title = {Joint {{Online Edge Caching}} and {{Load Balancing}} for {{Mobile Data Offloading}} in {{5G Networks}}},
  booktitle = {2019 {{IEEE}} 39th {{International Conference}} on {{Distributed Computing Systems}} ({{ICDCS}})},
  author = {Zeng, Yiming and Huang, Yaodong and Liu, Zhenhua and Yang, Yuanyuan},
  year = {2019},
  month = jul,
  pages = {923--933},
  issn = {2575-8411, 1063-6927},
  doi = {10.1109/ICDCS.2019.00096}
}

@inproceedings{zhang2017efficient,
  title = {Towards {{Efficient Edge Cloud Augmentation}} for {{Virtual Reality MMOGs}}},
  booktitle = {Proceedings of the {{Second ACM}}/{{IEEE Symposium}} on {{Edge Computing}}},
  author = {Zhang, Wuyang and Chen, Jiachen and Zhang, Yanyong and Raychaudhuri, Dipankar},
  year = {2017},
  pages = {8:1--8:14},
  publisher = {{ACM}},
  address = {{New York, NY, USA}},
  doi = {10.1145/3132211.3134463},
  isbn = {978-1-4503-5087-7},
  series = {{{SEC}} '17}
}

@article{zhang2018enhanced,
  title = {Enhanced {{Adaptive Cloudlet Placement Approach}} for {{Mobile Application}} on {{Spark}}},
  author = {Zhang, Yiwen and Wang, Kaibin and Zhou, Yuanyuan and He, Qiang},
  year = {2018},
  doi = {10.1155/2018/1937670},
  journal = {Security and Communication Networks},
  language = {en}
}

@article{zhang2018resource,
  title = {Resource {{Scheduling}} and {{Delay Analysis}} for {{Workflow}} in {{Wireless Small Cloud}}},
  author = {Zhang, Y.},
  year = {2018},
  month = mar,
  volume = {17},
  pages = {675--687},
  issn = {1536-1233},
  doi = {10.1109/TMC.2017.2734083},
  journal = {IEEE Transactions on Mobile Computing},
  number = {3}
}

@inproceedings{zhang2019heteroedge,
  title = {[罗格斯-张午阳]{{Hetero}}-{{Edge}}: {{Orchestration}} of {{Real}}-Time {{Vision Applications}} on {{Heterogeneous Edge Clouds}}},
  shorttitle = {Hetero-{{Edge}}},
  booktitle = {{{IEEE INFOCOM}} 2019 - {{IEEE Conference}} on {{Computer Communications}}},
  author = {Zhang, Wuyang and Li, Sugang and Liu, Luyang and Jia, Zhenhua and Zhang, Yanyong and Raychaudhuri, Dipankar},
  year = {2019},
  month = apr,
  pages = {1270--1278},
  issn = {0743-166X},
  doi = {10.1109/INFOCOM.2019.8737478}
}

@inproceedings{zhang2019integrated,
  title = {An {{Integrated Top}}-down and {{Bottom}}-up {{Task Allocation Approach}} in {{Social Sensing}} Based {{Edge Computing Systems}}},
  booktitle = {{{IEEE INFOCOM}} 2019 - {{IEEE Conference}} on {{Computer Communications}}},
  author = {Zhang, D. Y. and Wang, D.},
  year = {2019},
  month = apr,
  pages = {766--774},
  doi = {10.1109/INFOCOM.2019.8737409}
}

@inproceedings{zhang2019openei,
  title = {{{OpenEI}}: {{An Open Framework}} for {{Edge Intelligence}}},
  shorttitle = {{{OpenEI}}},
  booktitle = {2019 {{IEEE}} 39th {{International Conference}} on {{Distributed Computing Systems}} ({{ICDCS}})},
  author = {Zhang, Xingzhou and Wang, Yifan and Lu, Sidi and Liu, Liangkai and {xu}, Lanyu and Shi, Weisong},
  year = {2019},
  month = jul,
  pages = {1840--1851},
  issn = {2575-8411, 1063-6927},
  doi = {10.1109/ICDCS.2019.00182}
}

@article{zhang2019reducing,
  title = {Reducing the Network Overhead of User Mobility\textendash{}Induced Virtual Machine Migration in Mobile Edge Computing},
  author = {Zhang, Fei and Liu, Guangming and Zhao, Bo and Fu, Xiaoming and Yahyapour, Ramin},
  year = {2019},
  volume = {49},
  pages = {673--693},
  issn = {1097-024X},
  doi = {10.1002/spe.2642},
  copyright = {\textcopyright{} 2018 John Wiley \& Sons, Ltd.},
  journal = {Software: Practice and Experience},
  language = {en},
  number = {4}
}

@article{zhang2019task,
  title = {Task Migration for Mobile Edge Computing Using Deep Reinforcement Learning},
  author = {Zhang, Cheng and Zheng, Zixuan},
  year = {2019},
  month = jul,
  volume = {96},
  pages = {111--118},
  issn = {0167-739X},
  doi = {10.1016/j.future.2019.01.059},
  journal = {Future Generation Computer Systems}
}

@article{zhao2017timing,
  title = {Timing Analysis of Rate-Constrained Traffic in {{TTEthernet}} Using Network Calculus},
  author = {Zhao, Luxi and Pop, Paul and Li, Qiao and Chen, Junyan and Xiong, Huagang},
  year = {2017},
  month = mar,
  volume = {53},
  pages = {254--287},
  issn = {1573-1383},
  doi = {10.1007/s11241-016-9265-0},
  journal = {Real-Time Systems},
  language = {en},
  number = {2}
}

@article{zhao2018optimal,
  title = {Optimal {{Placement}} of {{Virtual Machines}} for {{Supporting Multiple Applications}} in {{Mobile Edge Networks}}},
  author = {Zhao, Lei and Liu, Jiajia},
  year = {2018},
  pages = {1--1},
  issn = {0018-9545, 1939-9359},
  doi = {10.1109/TVT.2018.2808171},
  journal = {IEEE Transactions on Vehicular Technology}
}

@article{zhao2018optimala,
  title = {Optimal {{Placement}} of {{Cloudlets}} for {{Access Delay Minimization}} in {{SDN}}-{{Based Internet}} of {{Things Networks}}},
  author = {Zhao, L. and Sun, W. and Shi, Y. and Liu, J.},
  year = {2018},
  month = apr,
  volume = {5},
  pages = {1334--1344},
  issn = {2327-4662},
  doi = {10.1109/JIOT.2018.2811808},
  journal = {IEEE Internet of Things Journal},
  number = {2}
}

@inproceedings{zhao2018time,
  title = {Time {{Constrained Service}}-{{Aware Migration}} of {{Virtualized Services}} for {{Mobile Edge Computing}}},
  booktitle = {2018 30th {{International Teletraffic Congress}} ({{ITC}} 30)},
  author = {Zhao, P. and D{\'a}n, G.},
  year = {2018},
  month = sep,
  volume = {01},
  pages = {64--72},
  doi = {10.1109/ITC30.2018.00017}
}

@article{zhao2019survey,
  title = {A {{Survey}} of {{Networking Applications Applying}} the {{Software Defined Networking Concept Based}} on {{Machine Learning}}},
  author = {Zhao, Y. and Li, Y. and Zhang, X. and Geng, G. and Zhang, W. and Sun, Y.},
  year = {2019},
  volume = {7},
  pages = {95397--95417},
  doi = {10.1109/ACCESS.2019.2928564},
  journal = {IEEE Access}
}

@inproceedings{zheng2017rankingbased,
  title = {Ranking-{{Based Cloud Service Recommendation}}},
  booktitle = {2017 {{IEEE International Conference}} on {{Edge Computing}} ({{EDGE}})},
  author = {Zheng, X. and Xu, L. D. and Chai, S.},
  year = {2017},
  month = jun,
  pages = {136--141},
  doi = {10.1109/IEEE.EDGE.2017.26}
}

@inproceedings{zheng2019octansa,
  title = {Octans: {{Optimal Placement}} of {{Service Function Chains}} in {{Many}}-{{Core Systems}}},
  shorttitle = {Octans},
  booktitle = {{{IEEE INFOCOM}} 2019 - {{IEEE Conference}} on {{Computer Communications}}},
  author = {Zheng, Z. and Bi, J. and Yu, H. and Wang, H. and Sun, C. and Hu, H. and Wu, J.},
  year = {2019},
  month = apr,
  pages = {307--315},
  doi = {10.1109/INFOCOM.2019.8737544}
}

@article{zhou2018data,
  title = {A {{Data Set}} for {{User Request Trace}}-{{Oriented Monitoring}} and Its {{Applications}}},
  author = {Zhou, J. and Chen, Z. and Wang, J. and Zheng, Z. and Lyu, M. R.},
  year = {2018},
  month = jul,
  volume = {11},
  pages = {699--712},
  issn = {1939-1374},
  doi = {10.1109/TSC.2015.2491286},
  journal = {IEEE Transactions on Services Computing},
  number = {4}
}

@article{zhou2018scheduling,
  title = {Scheduling {{Frameworks}} for {{Cloud Container Services}}},
  author = {Zhou, R. and Li, Z. and Wu, C.},
  year = {2018},
  month = feb,
  volume = {26},
  pages = {436--450},
  issn = {1063-6692},
  doi = {10.1109/TNET.2017.2781200},
  journal = {IEEE/ACM Transactions on Networking},
  number = {1}
}

@article{zhou2019edge,
  title = {Edge {{Intelligence}}: {{Paving}} the {{Last Mile}} of {{Artificial Intelligence With Edge Computing}}},
  shorttitle = {Edge {{Intelligence}}},
  author = {Zhou, Zhi and Chen, Xu and Li, En and Zeng, Liekang and Luo, Ke and Zhang, Junshan},
  year = {2019},
  month = aug,
  volume = {107},
  pages = {1738--1762},
  issn = {0018-9219, 1558-2256},
  doi = {10.1109/JPROC.2019.2918951},
  journal = {Proceedings of the IEEE},
  number = {8}
}

@inproceedings{zhu2017availabilityaware,
  title = {Availability-{{Aware Mobile Edge Application Placement}} in {{5G Networks}}},
  booktitle = {{{GLOBECOM}} 2017 - 2017 {{IEEE Global Communications Conference}}},
  author = {Zhu, H. and Huang, C.},
  year = {2017},
  month = dec,
  pages = {1--6},
  doi = {10.1109/GLOCOM.2017.8254591}
}

@article{zhu2017location,
  title = {Location Deployment of Depots and Resource Relocation for Connected Car-Sharing Systems through Mobile Edge Computing:},
  shorttitle = {Location Deployment of Depots and Resource Relocation for Connected Car-Sharing Systems through Mobile Edge Computing},
  author = {Zhu, Xiaolu and Li, Jinglin and Liu, Zhihan and Yang, Fangchun},
  year = {2017},
  month = jun,
  doi = {10.1177/1550147717711621},
  journal = {International Journal of Distributed Sensor Networks},
  language = {en}
}

@inproceedings{zhu2017monitoring,
  title = {Monitoring and {{Billing}} of {{A Lightweight Cloud System Based}} on {{Linux Container}}},
  booktitle = {Proceedings of the  37th {{IEEE International Conference}} on {{Distributed Computing Systems Workshops}} ({{ICDCSW}} 2017)},
  author = {Zhu, Y. and Ma, J. and An, B. and Cao, D.},
  year = {2017},
  month = jun,
  pages = {325--329},
  doi = {10.1109/ICDCSW.2017.73}
}

@article{zhu2018edgeplace,
  title = {{{EdgePlace}}: {{Availability}}-Aware Placement for Chained Mobile Edge Applications},
  shorttitle = {{{EdgePlace}}},
  author = {Zhu, He and Huang, Changcheng},
  year = {2018},
  volume = {29},
  pages = {e3504},
  issn = {2161-3915},
  doi = {10.1002/ett.3504},
  copyright = {\textcopyright{} 2018 John Wiley \& Sons, Ltd.},
  journal = {Transactions on Emerging Telecommunications Technologies},
  language = {en},
  number = {11}
}

@article{zhu2019centralized,
  title = {【!!】{{Centralized QoS Routing Using Network Calculus}} for {{SDN}}-{{Based Streaming Media Networks}}},
  author = {Zhu, Sheng and Sun, Zhen and Lu, Yong and Zhang, Lianming and Wei, Yehua and Min, Geyong},
  year = {2019},
  volume = {7},
  pages = {146566--146576},
  issn = {2169-3536},
  doi = {10.1109/ACCESS.2019.2943518},
  journal = {IEEE Access}
}

@article{zipf1929relative,
  title = {Relative {{Frequency}} as a {{Determinant}} of {{Phonetic Change}}},
  author = {Zipf, George Kingsley},
  year = {1929},
  volume = {40},
  pages = {1--95},
  issn = {0073-0688},
  doi = {10.2307/310585},
  journal = {Harvard Studies in Classical Philology}
}


