@inproceedings{addad2018fast,
 author = {Addad, R. A. and Dutra, D. L. Cadette and Bagaa, M. and Taleb, T. and Flinck, H.},
 booktitle = {2018 {{IEEE Conference}} on {{Standards}} for {{Communications}} and {{Networking}} ({{CSCN}})},
 doi = {10.1109/CSCN.2018.8581836},
 month = {oct},
 pages = {1--6},
 title = {Towards a {{Fast Service Migration}} in {{5G}}},
 year = {2018}
}

@inproceedings{addad2018mira,
 author = {Addad, Rami Akrem and Dutra, Diego Leonel Cadette and Taleb, Tarik and Bagaa, Miloud and Flinck, Hannu},
 booktitle = {2018 {{IEEE Global Communications Conference}} ({{GLOBECOM}})},
 doi = {10.1109/GLOCOM.2018.8648002},
 issn = {1930-529X},
 month = {dec},
 pages = {1--6},
 shorttitle = {{{MIRA}}!},
 title = {{{MIRA}}!: {{An SDN}}-{{Based Framework}} for {{Cross}}-{{Domain Fast Migration}} of {{Ultra}}-{{Low Latency 5G Services}}},
 year = {2018}
}

@article{ahmeddocker,
 author = {Ahmed, Arif and Pierre, Guillaume},
 language = {en},
 pages = {8},
 title = {Docker {{Container Deployment}} in {{Fog Computing Infrastructures}}}
}

@article{al-shuwaili2017energyefficient,
 author = {{Al-Shuwaili}, A. and Simeone, O.},
 doi = {10.1109/LWC.2017.2696539},
 issn = {2162-2337},
 journal = {IEEE Wireless Communications Letters},
 month = {jun},
 number = {3},
 pages = {398--401},
 title = {Energy-{{Efficient Resource Allocation}} for {{Mobile Edge Computing}}-{{Based Augmented Reality Applications}}},
 volume = {6},
 year = {2017}
}

@inproceedings{alam2016multiagent,
 author = {Alam, M. G. R. and Tun, Y. K. and Hong, C. S.},
 booktitle = {2016 {{International Conference}} on {{Information Networking}} ({{ICOIN}})},
 doi = {10.1109/ICOIN.2016.7427078},
 month = {jan},
 pages = {285--290},
 title = {Multi-Agent and Reinforcement Learning Based Code Offloading in Mobile Fog},
 year = {2016}
}

@inproceedings{almajali2018framework,
 author = {Almajali, S. and Salameh, H. B. and Ayyash, M. and Elgala, H.},
 booktitle = {2018 {{Third International Conference}} on {{Fog}} and {{Mobile Edge Computing}} ({{FMEC}})},
 doi = {10.1109/FMEC.2018.8364045},
 month = {apr},
 pages = {58--62},
 title = {A Framework for Efficient and Secured Mobility of {{IoT}} Devices in Mobile Edge Computing},
 year = {2018}
}

@inproceedings{alonso2019survey,
 author = {Alonso, Ricardo S. and {Sitt{\'o}n-Candanedo}, In{\'e}s and {Rodr{\'i}guez-Gonz{\'a}lez}, Sara and Garc{\'i}a, {\'O}scar and Prieto, Javier},
 booktitle = {Highlights of {{Practical Applications}} of {{Survivable Agents}} and {{Multi}}-{{Agent Systems}}. {{The PAAMS Collection}}},
 editor = {De La Prieta, Fernando and {Gonz{\'a}lez-Briones}, Alfonso and Pawleski, Pawel and Calvaresi, Davide and Del Val, Elena and Lopes, Fernando and Julian, Vicente and Osaba, Eneko and {S{\'a}nchez-Iborra}, Ram{\'o}n},
 isbn = {978-3-030-24299-2},
 language = {en},
 pages = {289--301},
 publisher = {{Springer International Publishing}},
 series = {Communications in {{Computer}} and {{Information Science}}},
 title = {A {{Survey}} on {{Software}}-{{Defined Networks}} and {{Edge Computing}} over {{IoT}}},
 year = {2019}
}

@inproceedings{altman2002tcp,
 author = {Altman, E. and Avrachenkov, K. and Barakat, C.},
 booktitle = {Proceedings.{{Twenty}}-{{First Annual Joint Conference}} of the {{IEEE Computer}} and {{Communications Societies}}},
 doi = {10.1109/INFCOM.2002.1019284},
 issn = {0743-166X},
 month = {jun},
 pages = {417-426 vol.1},
 shorttitle = {{{TCP}} Network Calculus},
 title = {【!!】{{TCP}} Network Calculus: The Case of Large Delay-Bandwidth Product},
 volume = {1},
 year = {2002}
}

@inproceedings{amjad2017cognitive,
 author = {Amjad, A. and Rabby, F. and Sadia, S. and Patwary, M. and Benkhelifa, E.},
 booktitle = {2017 {{Second International Conference}} on {{Fog}} and {{Mobile Edge Computing}} ({{FMEC}})},
 doi = {10.1109/FMEC.2017.7946430},
 month = {may},
 pages = {194--200},
 title = {Cognitive {{Edge Computing}} Based Resource Allocation Framework for {{Internet}} of {{Things}}},
 year = {2017}
}

@article{angrishi2013endtoend,
 author = {Angrishi, Kishore},
 doi = {10.1016/j.comnet.2012.09.003},
 issn = {1389-1286},
 journal = {Computer Networks},
 language = {en},
 month = {jan},
 number = {1},
 pages = {78--84},
 title = {An End-to-End Stochastic Network Calculus with Effective Bandwidth and Effective Capacity},
 volume = {57},
 year = {2013}
}

@article{anschel2016averageddqn,
 archiveprefix = {arXiv},
 author = {Anschel, Oron and Baram, Nir and Shimkin, Nahum},
 eprint = {1611.01929},
 eprinttype = {arxiv},
 journal = {arXiv:1611.01929 [cs, stat]},
 month = {nov},
 primaryclass = {cs, stat},
 shorttitle = {Averaged-{{DQN}}},
 title = {Averaged-{{DQN}}: {{Variance Reduction}} and {{Stabilization}} for {{Deep Reinforcement Learning}}},
 year = {2016}
}

@article{aral2018decentralized,
 author = {Aral, A. and Ovatman, T.},
 doi = {10.1109/TNSM.2017.2788945},
 issn = {1932-4537},
 journal = {IEEE Transactions on Network and Service Management},
 month = {jun},
 number = {2},
 pages = {516--529},
 title = {A {{Decentralized Replica Placement Algorithm}} for {{Edge Computing}}},
 volume = {15},
 year = {2018}
}

@article{arulkumaran2017deep,
 author = {Arulkumaran, K. and Deisenroth, M. P. and Brundage, M. and Bharath, A. A.},
 doi = {10.1109/MSP.2017.2743240},
 issn = {1053-5888},
 journal = {IEEE Signal Processing Magazine},
 month = {nov},
 number = {6},
 pages = {26--38},
 shorttitle = {Deep {{Reinforcement Learning}}},
 title = {Deep {{Reinforcement Learning}}: {{A Brief Survey}}},
 volume = {34},
 year = {2017}
}

@inproceedings{aryal2018dynamic,
 author = {Aryal, R. G. and Altmann, J.},
 booktitle = {2018 {{Third International Conference}} on {{Fog}} and {{Mobile Edge Computing}} ({{FMEC}})},
 doi = {10.1109/FMEC.2018.8364057},
 month = {apr},
 pages = {147--154},
 title = {Dynamic Application Deployment in Federations of Clouds and Edge Resources Using a Multiobjective Optimization {{AI}} Algorithm},
 year = {2018}
}

@inproceedings{assasa2015service,
 author = {Assasa, H. and Yadhav, S. V. and Westberg, L.},
 booktitle = {2015 {{IEEE}} 8th {{International Conference}} on {{Cloud Computing}}},
 doi = {10.1109/CLOUD.2015.60},
 month = {jun},
 pages = {397--404},
 title = {Service {{Mobility}} in {{Mobile Networks}}},
 year = {2015}
}

@inproceedings{auyoung2006service,
 author = {AuYoung, A. and Grit, L. and Wiener, J. and Wilkes, J.},
 booktitle = {Proceedings of {{IEEE International Conference}} on {{High Performance Distributed Computing}} ({{HPDC}} 2006)},
 doi = {10.1109/HPDC.2006.1652143},
 month = {jun},
 pages = {119--131},
 title = {Service Contracts and Aggregate Utility Functions},
 year = {2006}
}

@article{baccarelli2018fogsupported,
 author = {Baccarelli, Enzo and Scarpiniti, Michele and Momenzadeh, Alireza},
 doi = {10.1109/ACCESS.2018.2860249},
 issn = {2169-3536},
 journal = {IEEE Access},
 pages = {42327--42354},
 title = {Fog-{{Supported Delay}}-{{Constrained Energy}}-{{Saving Live Migration}} of {{VMs Over MultiPath TCP}}/{{IP 5G Connections}}},
 volume = {6},
 year = {2018}
}

@inproceedings{bahreini2017efficient,
 address = {{New York, NY, USA}},
 author = {Bahreini, Tayebeh and Grosu, Daniel},
 booktitle = {Proceedings of the {{Second ACM}}/{{IEEE Symposium}} on {{Edge Computing}}},
 doi = {10.1145/3132211.3134454},
 isbn = {978-1-4503-5087-7},
 pages = {5:1--5:11},
 publisher = {{ACM}},
 series = {{{SEC}} '17},
 title = {Efficient {{Placement}} of {{Multi}}-Component {{Applications}} in {{Edge Computing Systems}}},
 year = {2017}
}

@inproceedings{bai2018case,
 author = {Bai, Y. and Hao, P. and Zhang, Y.},
 booktitle = {{{IEEE INFOCOM}} 2018 - {{IEEE Conference}} on {{Computer Communications}}},
 doi = {10.1109/INFOCOM.2018.8486270},
 month = {apr},
 pages = {657--665},
 title = {A {{Case}} for {{Web Service Bandwidth Reduction}} on {{Mobile Devices}} with {{Edge}}-{{Hosted Personal Services}}},
 year = {2018}
}

@inproceedings{baig2016fostering,
 author = {Baig, R. and Freitag, F. and Navarro, L.},
 booktitle = {2016 {{IEEE International Conference}} on {{Computer}} and {{Information Technology}} ({{CIT}})},
 doi = {10.1109/CIT.2016.39},
 month = {dec},
 pages = {560--567},
 title = {Fostering {{Collaborative Edge Service Provision}} in {{Community Clouds}} with {{Docker}}},
 year = {2016}
}

@article{bandi2018robust,
 author = {Bandi, Chaithanya and Trichakis, Nikolaos and Vayanos, Phebe},
 doi = {10.1287/mnsc.2017.2948},
 issn = {0025-1909},
 journal = {Management Science},
 month = {may},
 number = {1},
 pages = {152--187},
 title = {Robust {{Multiclass Queuing Theory}} for {{Wait Time Estimation}} in {{Resource Allocation Systems}}},
 volume = {65},
 year = {2018}
}

@inproceedings{banerjee2018edge,
 address = {{New York, NY, USA}},
 author = {Banerjee, Suman},
 booktitle = {Proceedings of the 24th {{Annual International Conference}} on {{Mobile Computing}} and {{Networking}}},
 doi = {10.1145/3241539.3270097},
 isbn = {978-1-4503-5903-0},
 pages = {657--657},
 publisher = {{ACM}},
 series = {{{MobiCom}} '18},
 title = {Edge {{Computing}} with {{ParaDrop Tutorial}}},
 year = {2018}
}

@article{bang2019survey,
 author = {Bang, Seung Hwan and Ak, Ronay and Narayanan, Anantha and Lee, Y. Tina and Cho, Hyunbo},
 doi = {10.1016/j.compind.2018.07.001},
 issn = {0166-3615},
 journal = {Computers in Industry},
 month = {jan},
 pages = {116--130},
 title = {A Survey on Knowledge Transfer for Manufacturing Data Analytics},
 volume = {104},
 year = {2019}
}

@inproceedings{bao2019deepa,
 author = {Bao, Y. and Peng, Y. and Wu, C.},
 booktitle = {{{IEEE INFOCOM}} 2019 - {{IEEE Conference}} on {{Computer Communications}}},
 doi = {10.1109/INFOCOM.2019.8737460},
 month = {apr},
 pages = {505--513},
 title = {Deep {{Learning}}-Based {{Job Placement}} in {{Distributed Machine Learning Clusters}}},
 year = {2019}
}

@inproceedings{basmadjian2011methodology,
 address = {{New York, NY, USA}},
 author = {Basmadjian, Robert and Ali, Nasir and Niedermeier, Florian and {de Meer}, Hermann and Giuliani, Giovanni},
 booktitle = {Proceedings of the {{2Nd International Conference}} on {{Energy}}-{{Efficient Computing}} and {{Networking}}},
 doi = {10.1145/2318716.2318718},
 isbn = {978-1-4503-1313-1},
 pages = {1--10},
 publisher = {{ACM}},
 series = {E-{{Energy}} '11},
 title = {A {{Methodology}} to {{Predict}} the {{Power Consumption}} of {{Servers}} in {{Data Centres}}},
 year = {2011}
}

@inproceedings{bega2019deepcoga,
 author = {Bega, D. and Gramaglia, M. and Fiore, M. and Banchs, A. and {Costa-Perez}, X.},
 booktitle = {{{IEEE INFOCOM}} 2019 - {{IEEE Conference}} on {{Computer Communications}}},
 doi = {10.1109/INFOCOM.2019.8737488},
 month = {apr},
 pages = {280--288},
 shorttitle = {{{DeepCog}}},
 title = {{{DeepCog}}: {{Cognitive Network Management}} in {{Sliced 5G Networks}} with {{Deep Learning}}},
 year = {2019}
}

@article{benamor2019solving,
 author = {Ben Amor, Nahla and Essghaier, Fatma and Fargier, H{\'e}l{\`e}ne},
 doi = {10.1016/j.ijar.2019.03.003},
 issn = {0888-613X},
 journal = {International Journal of Approximate Reasoning},
 month = {jun},
 pages = {1--18},
 title = {Solving Sequential Collective Decision Problems under Qualitative Uncertainty},
 volume = {109},
 year = {2019}
}

@article{bhamare2016survey,
 author = {Bhamare, Deval and Jain, Raj and Samaka, Mohammed and Erbad, Aiman},
 doi = {10.1016/j.jnca.2016.09.001},
 issn = {1084-8045},
 journal = {Journal of Network and Computer Applications},
 month = {nov},
 pages = {138--155},
 title = {A Survey on Service Function Chaining},
 volume = {75},
 year = {2016}
}

@inproceedings{bhamare2017multiobjective,
 author = {Bhamare, D. and Samaka, M. and Erbad, A. and Jain, R. and Gupta, L. and Chan, H. A.},
 booktitle = {2017 {{IEEE International Conference}} on {{Communications}} ({{ICC}})},
 doi = {10.1109/ICC.2017.7996729},
 month = {may},
 pages = {1--6},
 title = {Multi-Objective Scheduling of Micro-Services for Optimal Service Function Chains},
 year = {2017}
}

@inproceedings{bodas2018reinforcement,
 author = {Bodas, A. and Upadhyay, B. and Nadiger, C. and Abdelhak, S.},
 booktitle = {2018 {{International Conference}} on {{Information}} and {{Computer Technologies}} ({{ICICT}})},
 doi = {10.1109/INFOCT.2018.8356853},
 month = {mar},
 pages = {119--122},
 title = {Reinforcement Learning for Game Personalization on Edge Devices},
 year = {2018}
}

@inproceedings{bondorf2015boosting,
 author = {Bondorf, Steffen and Schmitt, Jens B.},
 booktitle = {2015 {{IEEE Conference}} on {{Computer Communications}} ({{INFOCOM}})},
 doi = {10.1109/INFOCOM.2015.7218387},
 issn = {0743-166X},
 month = {apr},
 pages = {235--243},
 title = {Boosting Sensor Network Calculus by Thoroughly Bounding Cross-Traffic},
 year = {2015}
}

@article{boudeckeben,
 author = {Boudec, Jean-Yves Le and Thiran, Patrick},
 language = {en},
 pages = {263},
 title = {[课本]{{Network Calculus}}:{{A Theory}} of {{Deterministic Queuing Systems}} for the {{Internet}}}
}

@article{boudecppt,
 author = {Boudec, J-Y Le and Thiran, P},
 journal = {Network Calculus},
 language = {en},
 pages = {47},
 title = {[{{PPT}}]Network Calculus}
}

@inproceedings{brandherm2019learningbased,
 address = {{Dresden, Germany}},
 author = {Brandherm, Florian and Wang, Lin and M{\"u}hlh{\"a}user, Max},
 booktitle = {Proceedings of the {{2Nd International Workshop}} on {{Edge Systems}}, {{Analytics}} and {{Networking}}},
 doi = {10.1145/3301418.3313939},
 isbn = {978-1-4503-6275-7},
 pages = {12--17},
 publisher = {{ACM}},
 series = {{{EdgeSys}} '19},
 title = {A {{Learning}}-Based {{Framework}} for {{Optimizing Service Migration}} in {{Mobile Edge Clouds}}},
 year = {2019}
}

@inproceedings{breslau1999web,
 address = {{New York, NY, USA}},
 author = {Breslau, L. and {Pei Cao} and {Li Fan} and Phillips, G. and Shenker, S.},
 booktitle = {{{IEEE INFOCOM}} '99. {{Conference}} on {{Computer Communications}}. {{Proceedings}}. {{Eighteenth Annual Joint Conference}} of the {{IEEE Computer}} and {{Communications Societies}}. {{The Future}} Is {{Now}} ({{Cat}}. {{No}}.{{99CH36320}})},
 doi = {10.1109/INFCOM.1999.749260},
 isbn = {978-0-7803-5417-3},
 pages = {126-134 vol.1},
 publisher = {{IEEE}},
 shorttitle = {Web Caching and {{Zipf}}-like Distributions},
 title = {Web Caching and {{Zipf}}-like Distributions: Evidence and Implications},
 year = {1999}
}

@inproceedings{bruschi2018personal,
 author = {Bruschi, R. and Davoli, F. and Lago, P. and Lombardo, C. and Pajo, J. F.},
 booktitle = {2018 {{IEEE Conference}} on {{Network Function Virtualization}} and {{Software Defined Networks}} ({{NFV}}-{{SDN}})},
 doi = {10.1109/NFV-SDN.2018.8725635},
 month = {nov},
 pages = {1--6},
 title = {Personal {{Services Placement}} and {{Low}}-{{Latency Migration}} in {{Edge Computing Environments}}},
 year = {2018}
}

@article{bujari2018comparison,
 author = {Bujari, A. and Palazzi, C. E. and Ronzani, D.},
 doi = {10.1109/TMC.2018.2811490},
 issn = {1536-1233},
 journal = {IEEE Transactions on Mobile Computing},
 month = {nov},
 number = {11},
 pages = {2468--2482},
 title = {A {{Comparison}} of {{Stateless Position}}-Based {{Packet Routing Algorithms}} for {{FANETs}}},
 volume = {17},
 year = {2018}
}

@article{burke1956output,
 author = {Burke, Paul J.},
 issn = {0030-364X},
 journal = {Operations Research},
 number = {6},
 pages = {699--704},
 title = {【!!】{{The Output}} of a {{Queuing System}}},
 volume = {4},
 year = {1956}
}

@inproceedings{cao2017service,
 author = {Cao, S. and Wang, Y. and Xu, C.},
 booktitle = {Proceedings of 2017 {{International Conference}} on {{Networking}}, {{Architecture}}, and {{Storage}} ({{NAS}})},
 doi = {10.1109/NAS.2017.8026876},
 month = {aug},
 pages = {1--10},
 shorttitle = {Service {{Migrations}} in the {{Cloud}} for {{Mobile Accesses}}},
 title = {Service {{Migrations}} in the {{Cloud}} for {{Mobile Accesses}}: {{A Reinforcement Learning Approach}}},
 year = {2017}
}

@article{ceselli2017mobile,
 author = {Ceselli, Alberto and Premoli, Marco and Secci, Stefano},
 doi = {10.1109/TNET.2017.2652850},
 issn = {1558-2566},
 journal = {IEEE/ACM Transactions on Networking},
 month = {jun},
 number = {3},
 pages = {1818--1831},
 title = {Mobile {{Edge Cloud Network Design Optimization}}},
 volume = {25},
 year = {2017}
}

@article{chang2018adaptive,
 author = {Chang, W. and Wang, P.},
 doi = {10.1109/JSAC.2018.2874140},
 issn = {0733-8716},
 journal = {IEEE Journal on Selected Areas in Communications},
 month = {nov},
 number = {11},
 pages = {2422--2432},
 title = {Adaptive {{Replication}} for {{Mobile Edge Computing}}},
 volume = {36},
 year = {2018}
}

@article{chang2018hotspot,
 author = {Chang, W. and Chen, Y. and Wang, P.},
 doi = {10.1109/TSUSC.2018.2878438},
 issn = {2377-3782},
 journal = {IEEE Transactions on Sustainable Computing},
 pages = {1--1},
 title = {Hotspot {{Mitigation}} for {{Mobile Edge Computing}}},
 year = {2018}
}

@article{chantre2018multiobjective,
 author = {Chantre, H. D. and da Fonseca, N. L. S.},
 doi = {10.1109/JSAC.2018.2869966},
 issn = {0733-8716},
 journal = {IEEE Journal on Selected Areas in Communications},
 month = {oct},
 number = {10},
 pages = {2304--2317},
 title = {Multi-{{Objective Optimization}} for {{Edge Device Placement}} and {{Reliable Broadcasting}} in {{5G NFV}}-{{Based Small Cell Networks}}},
 volume = {36},
 year = {2018}
}

@article{charilas2010survey,
 author = {Charilas, Dimitris E. and Panagopoulos, Athanasios D.},
 doi = {10.1016/j.comnet.2010.06.020},
 issn = {1389-1286},
 journal = {Computer Networks},
 month = {dec},
 number = {18},
 pages = {3421--3430},
 title = {A Survey on Game Theory Applications in Wireless Networks},
 volume = {54},
 year = {2010}
}

@article{chase2017joint,
 author = {Chase, J. and Niyato, D.},
 doi = {10.1109/TSC.2015.2476812},
 issn = {1939-1374},
 journal = {IEEE Transactions on Services Computing},
 month = {may},
 number = {3},
 pages = {396--409},
 title = {Joint {{Optimization}} of {{Resource Provisioning}} in {{Cloud Computing}}},
 volume = {10},
 year = {2017}
}

@inproceedings{chen2005tcp,
 author = {Chen, M. and Zhang, J. and Murthi, M.N. and Kamal Premaratne},
 booktitle = {Proceedings {{IEEE}} 24th {{Annual Joint Conference}} of the {{IEEE Computer}} and {{Communications Societies}}.},
 doi = {10.1109/INFCOM.2005.1498321},
 issn = {0743-166X},
 month = {mar},
 pages = {914-925 vol. 2},
 shorttitle = {{{TCP}} Congestion Avoidance},
 title = {{{TCP}} Congestion Avoidance: A Network Calculus Interpretation and Performance Improvements},
 volume = {2},
 year = {2005}
}

@article{chen2016efficient,
 author = {Chen, X. and Jiao, L. and Li, W. and Fu, X.},
 doi = {10.1109/TNET.2015.2487344},
 journal = {IEEE/ACM Transactions on Networking},
 month = {oct},
 number = {5},
 pages = {2795--2808},
 title = {Efficient {{Multi}}-{{User Computation Offloading}} for {{Mobile}}-{{Edge Cloud Computing}}},
 volume = {24},
 year = {2016}
}

@inproceedings{chen2017computation,
 author = {Chen, L. and Xu, J. and Zhou, S.},
 booktitle = {Proceedings of {{IEEE Global Communications Conference}} ({{GLOBECOM}} 2017)},
 doi = {10.1109/GLOCOM.2017.8255052},
 month = {dec},
 pages = {1--6},
 title = {Computation {{Peer Offloading}} in {{Mobile Edge Computing}} with {{Energy Budgets}}},
 year = {2017}
}

@inproceedings{chen2017dynamica,
 address = {{Chongqing, China}},
 author = {Chen, Zewei and Wang, Zilei and Xi, Hongsheng},
 booktitle = {Proceedings of 2017 29th {{Chinese Control And Decision Conference}} ({{CCDC}})},
 doi = {10.1109/CCDC.2017.7978895},
 isbn = {978-1-5090-4657-7},
 month = {may},
 pages = {2281--2286},
 publisher = {{IEEE}},
 title = {A Dynamic Two-Phase Schedule Strategy for Streaming Media Edge Cloud},
 year = {2017}
}

@inproceedings{chen2017empirical,
 address = {{New York, NY, USA}},
 author = {Chen, Zhuo and Hu, Wenlu and Wang, Junjue and Zhao, Siyan and Amos, Brandon and Wu, Guanhang and Ha, Kiryong and Elgazzar, Khalid and Pillai, Padmanabhan and Klatzky, Roberta and Siewiorek, Daniel and Satyanarayanan, Mahadev},
 booktitle = {Proceedings of the {{Second ACM}}/{{IEEE Symposium}} on {{Edge Computing}}},
 doi = {10.1145/3132211.3134458},
 isbn = {978-1-4503-5087-7},
 pages = {14:1--14:14},
 publisher = {{ACM}},
 series = {{{SEC}} '17},
 title = {An {{Empirical Study}} of {{Latency}} in an {{Emerging Class}} of {{Edge Computing Applications}} for {{Wearable Cognitive Assistance}}},
 year = {2017}
}

@inproceedings{chen2017socially,
 address = {{New York, NY, USA}},
 author = {Chen, Lixing and Xu, Jie},
 booktitle = {Proceedings of the {{Second ACM}}/{{IEEE Symposium}} on {{Edge Computing}}},
 doi = {10.1145/3132211.3134451},
 isbn = {978-1-4503-5087-7},
 pages = {9:1--9:11},
 publisher = {{ACM}},
 series = {{{SEC}} '17},
 title = {Socially {{Trusted Collaborative Edge Computing}} in {{Ultra Dense Networks}}},
 year = {2017}
}

@article{chen20185gzhongduojierubianyuanjisuandelianhebushujiagousheji,
 author = {陈, 昕 and 温, 向明 and 王, 鲁晗 and 路, 兆铭},
 issn = {1007-5321},
 journal = {北京邮电大学学报},
 language = {中文;},
 lccn = {11-3570/TN},
 number = {05},
 pages = {86-91+97},
 title = {{5G中多接入边缘计算的联合部署架构设计}},
 volume = {41},
 year = {2018}
}

@article{chen2018computation,
 author = {Chen, L. and Zhou, S. and Xu, J.},
 doi = {10.1109/TNET.2018.2841758},
 issn = {1063-6692},
 journal = {IEEE/ACM Transactions on Networking},
 month = {aug},
 number = {4},
 pages = {1619--1632},
 title = {Computation {{Peer Offloading}} for {{Energy}}-{{Constrained Mobile Edge Computing}} in {{Small}}-{{Cell Networks}}},
 volume = {26},
 year = {2018}
}

@article{chen2018joint,
 author = {Chen, Q. and Yu, F. R. and Huang, T. and Xie, R. and Liu, J. and Liu, Y.},
 doi = {10.1109/TNET.2017.2782216},
 issn = {1063-6692},
 journal = {IEEE/ACM Transactions on Networking},
 month = {feb},
 number = {1},
 pages = {274--287},
 title = {Joint {{Resource Allocation}} for {{Software}}-{{Defined Networking}}, {{Caching}}, and {{Computing}}},
 volume = {26},
 year = {2018}
}

@inproceedings{chen2018personalized,
 author = {Chen, Y. and Yan, W. and Li, C. and Huang, Y. and Yang, L.},
 booktitle = {2018 {{IEEE Wireless Communications}} and {{Networking Conference}} ({{WCNC}})},
 doi = {10.1109/WCNC.2018.8377056},
 month = {apr},
 pages = {1--6},
 title = {Personalized Optimal Bicycle Trip Planning Based on {{Q}}-Learning Algorithm},
 year = {2018}
}

@article{chen2018quick,
 author = {Chen, Long and Wu, Jigang and Zhou, Gangqiang and Ma, Longjie},
 doi = {10.1007/s11227-018-2412-8},
 issn = {1573-0484},
 journal = {The Journal of Supercomputing},
 language = {en},
 month = {aug},
 number = {8},
 pages = {4037--4059},
 shorttitle = {{{QUICK}}},
 title = {{{QUICK}}: {{QoS}}-Guaranteed Efficient Cloudlet Placement in Wireless Metropolitan Area Networks},
 volume = {74},
 year = {2018}
}

@inproceedings{chen2019datadriven,
 author = {Chen, Qiong and Zheng, Zimu and Hu, Chuang and Wang, Dan and Liu, Fangming},
 booktitle = {2019 {{IEEE}} 39th {{International Conference}} on {{Distributed Computing Systems}} ({{ICDCS}})},
 doi = {10.1109/ICDCS.2019.00107},
 issn = {2575-8411, 1063-6927},
 month = {jul},
 pages = {1040--1050},
 title = {Data-Driven {{Task Allocation}} for {{Multi}}-Task {{Transfer Learning}} on the {{Edge}}},
 year = {2019}
}

@article{chen2019deep,
 author = {Chen, Jiasi and Ran, Xukan},
 doi = {10.1109/JPROC.2019.2921977},
 issn = {0018-9219, 1558-2256},
 journal = {Proceedings of the IEEE},
 month = {aug},
 number = {8},
 pages = {1655--1674},
 shorttitle = {Deep {{Learning With Edge Computing}}},
 title = {Deep {{Learning With Edge Computing}}: {{A Review}}},
 volume = {107},
 year = {2019}
}

@article{chen2019dynamic,
 author = {Chen, Min and Li, Wei and Fortino, Giancarlo and Hao, Yixue and Hu, Long and Humar, Iztok},
 doi = {10.1145/3239565},
 issn = {1533-5399},
 journal = {ACM Trans. Internet Technol.},
 month = {apr},
 number = {2},
 pages = {30:1--30:15},
 title = {A {{Dynamic Service Migration Mechanism}} in {{Edge Cognitive Computing}}},
 volume = {19},
 year = {2019}
}

@inproceedings{chen2019roundrobin,
 author = {Chen, C. and Wang, W. and Li, B.},
 booktitle = {{{IEEE INFOCOM}} 2019 - {{IEEE Conference}} on {{Computer Communications}}},
 doi = {10.1109/INFOCOM.2019.8737587},
 month = {apr},
 pages = {532--540},
 shorttitle = {Round-{{Robin Synchronization}}},
 title = {Round-{{Robin Synchronization}}: {{Mitigating Communication Bottlenecks}} in {{Parameter Servers}}},
 year = {2019}
}

@inproceedings{chen2019task,
 author = {Chen, L. and Xu, J.},
 booktitle = {{{IEEE INFOCOM}} 2019 - {{IEEE Conference}} on {{Computer Communications}}},
 doi = {10.1109/INFOCOM.2019.8737654},
 month = {apr},
 pages = {748--756},
 shorttitle = {Task {{Replication}} for {{Vehicular Cloud}}},
 title = {Task {{Replication}} for {{Vehicular Cloud}}: {{Contextual Combinatorial Bandit}} with {{Delayed Feedback}}},
 year = {2019}
}

@inproceedings{cheng2018vitrack,
 author = {Cheng, L. and Wang, J.},
 booktitle = {{{IEEE INFOCOM}} 2018 - {{IEEE Conference}} on {{Computer Communications}}},
 doi = {10.1109/INFOCOM.2018.8486353},
 month = {apr},
 pages = {1052--1060},
 shorttitle = {{{ViTrack}}},
 title = {{{ViTrack}}: {{Efficient Tracking}} on the {{Edge}} for {{Commodity Video Surveillance Systems}}},
 year = {2018}
}

@inproceedings{cheng2019task,
 author = {Cheng, Siyao and Chen, Zhenyue and Li, Jianzhong and Gao, Hong},
 booktitle = {2019 {{IEEE}} 39th {{International Conference}} on {{Distributed Computing Systems}} ({{ICDCS}})},
 doi = {10.1109/ICDCS.2019.00103},
 issn = {2575-8411, 1063-6927},
 month = {jul},
 pages = {997--1006},
 title = {Task {{Assignment Algorithms}} in {{Data Shared Mobile Edge Computing Systems}}},
 year = {2019}
}

@inproceedings{cohen2019accessa,
 author = {Cohen, I. and Einziger, G. and Friedman, R. and Scalosub, G.},
 booktitle = {{{IEEE INFOCOM}} 2019 - {{IEEE Conference}} on {{Computer Communications}}},
 doi = {10.1109/INFOCOM.2019.8737427},
 month = {apr},
 pages = {28--36},
 title = {Access {{Strategies}} for {{Network Caching}}},
 year = {2019}
}

@article{contrerasmec,
 author = {Contreras, Luis M and Fang, Yonggang and Featherstone, Walter and Frydman, Danny and Jiangping, Feng and Kim, Kwihoon and Kuure, Pekka and Li, Alice and Odgers, Andy and Purkayastha, Debashish and Ranjan, Anurag and Scarpina, Salvatore and Verin, Gianluca and Wen, Kuo-Wei},
 language = {en},
 pages = {28},
 title = {{{MEC}} in {{5G}} Networks}
}

@inproceedings{courcoubetis2019throughput,
 author = {Courcoubetis, C. and Dimakis, A.},
 booktitle = {{{IEEE INFOCOM}} 2019 - {{IEEE Conference}} on {{Computer Communications}}},
 doi = {10.1109/INFOCOM.2019.8737561},
 month = {apr},
 pages = {640--648},
 title = {Throughput and {{Pricing}} of {{Ridesharing Systems}}},
 year = {2019}
}

@article{cruz1991calculus,
 author = {Cruz, R.L.},
 doi = {10.1109/18.61109},
 issn = {1557-9654},
 journal = {IEEE Transactions on Information Theory},
 month = {jan},
 number = {1},
 pages = {114--131},
 title = {A Calculus for Network Delay. {{I}}. {{Network}} Elements in Isolation},
 volume = {37},
 year = {1991}
}

@article{cruz1991calculusa,
 author = {Cruz, R.L.},
 doi = {10.1109/18.61110},
 issn = {1557-9654},
 journal = {IEEE Transactions on Information Theory},
 month = {jan},
 number = {1},
 pages = {132--141},
 title = {A Calculus for Network Delay. {{II}}. {{Network}} Analysis},
 volume = {37},
 year = {1991}
}

@inproceedings{cuervo2010maui,
 address = {{San Francisco, California, USA}},
 author = {Cuervo, Eduardo and Balasubramanian, Aruna and Cho, Dae-ki and Wolman, Alec and Saroiu, Stefan and Chandra, Ranveer and Bahl, Paramvir},
 booktitle = {Proceedings of the 8th {{International Conference}} on {{Mobile Systems}}, {{Applications}}, and {{Services}}},
 doi = {10.1145/1814433.1814441},
 isbn = {978-1-60558-985-5},
 pages = {49--62},
 publisher = {{ACM}},
 series = {{{MobiSys}} '10},
 shorttitle = {{{MAUI}}},
 title = {{{MAUI}}: {{Making Smartphones Last Longer}} with {{Code Offload}}},
 year = {2010}
}

@article{cui2018diamond,
 author = {Cui, Y. and Xiao, S. and Wang, X. and Yang, Z. and Yan, S. and Zhu, C. and Li, X. Y. and Ge, N.},
 doi = {10.1109/TNET.2017.2773539},
 issn = {1063-6692},
 journal = {IEEE/ACM Transactions on Networking},
 month = {feb},
 number = {1},
 pages = {145--160},
 shorttitle = {Diamond},
 title = {Diamond: {{Nesting}} the {{Data Center Network With Wireless Rings}} in 3-{{D Space}}},
 volume = {26},
 year = {2018}
}

@inproceedings{cziva2018dynamic,
 author = {Cziva, R. and Anagnostopoulos, C. and Pezaros, D. P.},
 booktitle = {{{IEEE INFOCOM}} 2018 - {{IEEE Conference}} on {{Computer Communications}}},
 doi = {10.1109/INFOCOM.2018.8486021},
 month = {apr},
 pages = {693--701},
 title = {Dynamic, {{Latency}}-{{Optimal vNF Placement}} at the {{Network Edge}}},
 year = {2018}
}

@inproceedings{dacrema2019are,
 address = {{Copenhagen, Denmark}},
 author = {Dacrema, Maurizio Ferrari and Cremonesi, Paolo and Jannach, Dietmar},
 booktitle = {Proceedings of the 13th {{ACM Conference}} on {{Recommender Systems}}},
 doi = {10.1145/3298689.3347058},
 isbn = {978-1-4503-6243-6},
 pages = {101--109},
 publisher = {{ACM}},
 series = {{{RecSys}} '19},
 shorttitle = {Are {{We Really Making Much Progress}}?},
 title = {Are {{We Really Making Much Progress}}? {{A Worrying Analysis}} of {{Recent Neural Recommendation Approaches}}},
 year = {2019}
}

@article{dayarathna2016data,
 author = {Dayarathna, M. and Wen, Y. and Fan, R.},
 doi = {10.1109/COMST.2015.2481183},
 issn = {1553-877X},
 journal = {IEEE Communications Surveys Tutorials},
 number = {1},
 pages = {732--794},
 shorttitle = {Data {{Center Energy Consumption Modeling}}},
 title = {Data {{Center Energy Consumption Modeling}}: {{A Survey}}},
 volume = {18},
 year = {Firstquarter 2016}
}

@article{deng2018confident,
 author = {Deng, X. and Tang, Z. and Yang, L. T. and Lin, M. and Wang, B.},
 doi = {10.1109/TII.2017.2764038},
 issn = {1551-3203},
 journal = {IEEE Transactions on Industrial Informatics},
 month = {may},
 number = {5},
 pages = {2220--2229},
 title = {Confident {{Information Coverage Hole Healing}} in {{Hybrid Industrial Wireless Sensor Networks}}},
 volume = {14},
 year = {2018}
}

@inproceedings{ding2017sam,
 author = {Ding, Q. and Pang, H. and Sun, L.},
 booktitle = {2017 {{IEEE International Conference}} on {{Communications}} ({{ICC}})},
 doi = {10.1109/ICC.2017.7996701},
 month = {may},
 pages = {1--6},
 shorttitle = {{{SAM}}},
 title = {{{SAM}}: {{Cache}} Space Allocation in Collaborative Edge-Caching Network},
 year = {2017}
}

@article{ding2019beef,
 author = {Ding, Haichuan and Guo, Yuanxiong and Li, Xuanheng and Fang, Yuguang},
 doi = {10.1109/TMC.2018.2883952},
 issn = {2161-9875},
 journal = {IEEE Transactions on Mobile Computing},
 month = {dec},
 number = {12},
 pages = {2783--2795},
 shorttitle = {Beef {{Up}} the {{Edge}}},
 title = {Beef {{Up}} the {{Edge}}: {{Spectrum}}-{{Aware Placement}} of {{Edge Computing Services}} for the {{Internet}} of {{Things}}},
 volume = {18},
 year = {2019}
}

@inproceedings{dong2013joint,
 author = {Dong, X. and {El-Gorashi}, T. E. H. and Elmirghani, J. M. H.},
 booktitle = {Proceedings of {{IEEE International Conference}} on {{Communications}} ({{ICC}} 2013)},
 doi = {10.1109/ICC.2013.6654885},
 month = {jun},
 pages = {2370--2375},
 title = {Joint Optimization of Power, Electricity Cost and Delay in {{IP}} over {{WDM}} Networks},
 year = {2013}
}

@inproceedings{dong2017energyefficient,
 address = {{New York, NY, USA}},
 author = {Dong, Zheng and Liu, Yuchuan and Zhou, Husheng and Xiao, Xusheng and Gu, Yu and Zhang, Lingming and Liu, Cong},
 booktitle = {Proceedings of the {{Second ACM}}/{{IEEE Symposium}} on {{Edge Computing}}},
 doi = {10.1145/3132211.3134448},
 isbn = {978-1-4503-5087-7},
 pages = {19:1--19:12},
 publisher = {{ACM}},
 series = {{{SEC}} '17},
 title = {An {{Energy}}-Efficient {{Offloading Framework}} with {{Predictable Temporal Correctness}}},
 year = {2017}
}

@inproceedings{drolia2017precog,
 address = {{New York, NY, USA}},
 author = {Drolia, Utsav and Guo, Katherine and Narasimhan, Priya},
 booktitle = {Proceedings of the {{Second ACM}}/{{IEEE Symposium}} on {{Edge Computing}}},
 doi = {10.1145/3132211.3134456},
 isbn = {978-1-4503-5087-7},
 pages = {17:1--17:13},
 publisher = {{ACM}},
 series = {{{SEC}} '17},
 shorttitle = {Precog},
 title = {Precog: {{PRefetching}} for {{Image RecogNition Applications}} at the {{Edge}}},
 year = {2017}
}

@article{duan2016softwaredefined,
 author = {Duan, Q. and Ansari, N. and Toy, M.},
 doi = {10.1109/MNET.2016.7579021},
 issn = {0890-8044},
 journal = {IEEE Network},
 month = {sep},
 number = {5},
 pages = {10--16},
 shorttitle = {Software-Defined Network Virtualization},
 title = {Software-Defined Network Virtualization: An Architectural Framework for Integrating {{SDN}} and {{NFV}} for Service Provisioning in Future Networks},
 volume = {30},
 year = {2016}
}

@inproceedings{duan2018modeling,
 author = {Duan, Q.},
 booktitle = {2018 4th {{IEEE Conference}} on {{Network Softwarization}} and {{Workshops}} ({{NetSoft}})},
 doi = {10.1109/NETSOFT.2018.8460068},
 month = {jun},
 pages = {476--481},
 title = {Modeling and {{Performance Analysis}} for {{Service Function Chaining}} in the {{SDN}}/{{NFV Architecture}}},
 year = {2018}
}

@article{duapcentred,
 author = {Du, Xuan and Yang, Kun and Bisio, Igor and Lavagetto, Fabio and Sciarrone, Andrea},
 language = {en},
 pages = {6},
 title = {An {{AP}}-{{Centred Smart Probabilistic Fingerprint System}} for {{Indoor Positioning}} (1570411294)}
}

@article{duc2019machine,
 author = {Duc, Thang Le and Leiva, Rafael Garc{\'i}a and Casari, Paolo and {\"O}stberg, Per-Olov},
 doi = {10.1145/3341145},
 issn = {0360-0300},
 journal = {ACM Comput. Surv.},
 month = {sep},
 number = {5},
 pages = {94:1--94:39},
 shorttitle = {Machine {{Learning Methods}} for {{Reliable Resource Provisioning}} in {{Edge}}-{{Cloud Computing}}},
 title = {Machine {{Learning Methods}} for {{Reliable Resource Provisioning}} in {{Edge}}-{{Cloud Computing}}: {{A Survey}}},
 volume = {52},
 year = {2019}
}

@article{elbamby2019wireless,
 author = {Elbamby, Mohammed S. and Perfecto, Cristina and Liu, Chen-Feng and Park, Jihong and Samarakoon, Sumudu and Chen, Xianfu and Bennis, Mehdi},
 doi = {10.1109/JPROC.2019.2917084},
 issn = {0018-9219, 1558-2256},
 journal = {Proceedings of the IEEE},
 month = {aug},
 number = {8},
 pages = {1717--1737},
 title = {Wireless {{Edge Computing With Latency}} and {{Reliability Guarantees}}},
 volume = {107},
 year = {2019}
}

@inproceedings{elgazar2019enabling,
 address = {{Los Cabos, Mexico}},
 author = {Elgazar, Ali E. and Harras, Khaled A.},
 booktitle = {Proceedings of the 14th {{Workshop}} on {{Challenged Networks}}},
 doi = {10.1145/3349625.3355438},
 isbn = {978-1-4503-6933-6},
 pages = {1--6},
 publisher = {{ACM}},
 series = {{{CHANTS}}'19},
 title = {Enabling {{Seamless Container Migration}} in {{Edge Platforms}}},
 year = {2019}
}

@article{emmerich2018tutorial,
 author = {Emmerich, Michael T. M. and Deutz, Andr{\'e} H.},
 doi = {10.1007/s11047-018-9685-y},
 issn = {1572-9796},
 journal = {Natural Computing},
 language = {en},
 month = {sep},
 number = {3},
 pages = {585--609},
 shorttitle = {A Tutorial on Multiobjective Optimization},
 title = {A Tutorial on Multiobjective Optimization: Fundamentals and Evolutionary Methods},
 volume = {17},
 year = {2018}
}

@inproceedings{fan2017cost,
 author = {Fan, Q. and Ansari, N.},
 booktitle = {Proceedings of {{IEEE International Conference}} on {{Communications}} ({{ICC}} 2017)},
 doi = {10.1109/ICC.2017.7996722},
 month = {may},
 pages = {1--6},
 title = {Cost {{Aware}} Cloudlet {{Placement}} for Big Data Processing at the Edge},
 year = {2017}
}

@inproceedings{fang2018nestdnn,
 address = {{New York, NY, USA}},
 author = {Fang, Biyi and Zeng, Xiao and Zhang, Mi},
 booktitle = {Proceedings of the 24th {{Annual International Conference}} on {{Mobile Computing}} and {{Networking}}},
 doi = {10.1145/3241539.3241559},
 isbn = {978-1-4503-5903-0},
 pages = {115--127},
 publisher = {{ACM}},
 series = {{{MobiCom}} '18},
 shorttitle = {{{NestDNN}}},
 title = {{{NestDNN}}: {{Resource}}-{{Aware Multi}}-{{Tenant On}}-{{Device Deep Learning}} for {{Continuous Mobile Vision}}},
 year = {2018}
}

@inproceedings{farhadi2019service,
 author = {Farhadi, Vajiheh and Mehmeti, Fidan and He, Ting and Porta, Tom La and Khamfroush, Hana and Wang, Shiqiang and Chan, Kevin S},
 booktitle = {{{IEEE INFOCOM}} 2019 - {{IEEE Conference}} on {{Computer Communications}}},
 doi = {10.1109/INFOCOM.2019.8737368},
 issn = {2641-9874, 0743-166X},
 month = {apr},
 pages = {1279--1287},
 title = {Service {{Placement}} and {{Request Scheduling}} for {{Data}}-Intensive {{Applications}} in {{Edge Clouds}}},
 year = {2019}
}

@article{farhady2015softwaredefined,
 author = {Farhady, Hamid and Lee, HyunYong and Nakao, Akihiro},
 doi = {10.1016/j.comnet.2015.02.014},
 issn = {1389-1286},
 journal = {Computer Networks},
 month = {apr},
 pages = {79--95},
 shorttitle = {Software-{{Defined Networking}}},
 title = {Software-{{Defined Networking}}: {{A}} Survey},
 volume = {81},
 year = {2015}
}

@article{felfernig2017recommendation,
 author = {Felfernig, Alexander and Erdeniz, Seda Polat and Jeran, Michael and Akcay, Arda and Azzoni, Paolo and Maiero, Matteo and Doukas, Charalampos},
 doi = {10.1016/j.procs.2017.06.135},
 issn = {1877-0509},
 journal = {Procedia Computer Science},
 month = {jan},
 pages = {504--509},
 series = {14th {{International Conference}} on {{Mobile Systems}} and {{Pervasive Computing}} ({{MobiSPC}} 2017) / 12th {{International Conference}} on {{Future Networks}} and {{Communications}} ({{FNC}} 2017) / {{Affiliated Workshops}}},
 title = {Recommendation {{Technologies}} for {{IoT Edge Devices}}},
 volume = {110},
 year = {2017}
}

@inproceedings{fernando2019live,
 author = {Fernando, D. and Terner, J. and Gopalan, K. and Yang, P.},
 booktitle = {{{IEEE INFOCOM}} 2019 - {{IEEE Conference}} on {{Computer Communications}}},
 doi = {10.1109/INFOCOM.2019.8737452},
 month = {apr},
 pages = {343--351},
 shorttitle = {Live {{Migration Ate My VM}}},
 title = {Live {{Migration Ate My VM}}: {{Recovering}} a {{Virtual Machine}} after {{Failure}} of {{Post}}-{{Copy Live Migration}}},
 year = {2019}
}

@inproceedings{fidler2003extending,
 address = {{Berlin, Heidelberg}},
 author = {Fidler, Markus},
 booktitle = {Quality of {{Service}} in {{Multiservice IP Networks}}},
 doi = {10.1007/3-540-36480-3_2},
 editor = {Marsan, Marco Ajmone and Corazza, Giorgio and Listanti, Marco and Roveri, Aldo},
 isbn = {978-3-540-36480-1},
 language = {en},
 pages = {19--34},
 publisher = {{Springer}},
 series = {Lecture {{Notes}} in {{Computer Science}}},
 title = {Extending the {{Network Calculus Pay Bursts Only Once Principle}} to {{Aggregate Scheduling}}},
 year = {2003}
}

@article{fidler2015guide,
 author = {Fidler, Markus and Rizk, Amr},
 doi = {10.1109/COMST.2014.2337060},
 issn = {2373-745X},
 journal = {IEEE Communications Surveys Tutorials},
 number = {1},
 pages = {92--105},
 title = {A {{Guide}} to the {{Stochastic Network Calculus}}},
 volume = {17},
 year = {Firstquarter 2015}
}

@inproceedings{frangoudis2018service,
 author = {Frangoudis, P. A. and Ksentini, A.},
 booktitle = {2018 14th {{International Wireless Communications Mobile Computing Conference}} ({{IWCMC}})},
 doi = {10.1109/IWCMC.2018.8450284},
 month = {jun},
 pages = {124--129},
 title = {Service Migration versus Service Replication in {{Multi}}-Access {{Edge Computing}}},
 year = {2018}
}

@article{fu2018every,
 author = {Fu, Y. and {Barlet-Ros}, P. and Li, D.},
 doi = {10.1109/TNET.2017.2762328},
 issn = {1063-6692},
 journal = {IEEE/ACM Transactions on Networking},
 month = {feb},
 number = {1},
 pages = {90--103},
 shorttitle = {Every {{Timestamp Counts}}},
 title = {Every {{Timestamp Counts}}: {{Accurate Tracking}} of {{Network Latencies Using Reconcilable Difference Aggregator}}},
 volume = {26},
 year = {2018}
}

@article{fuerst2018kraken,
 author = {Fuerst, C. and Schmid, S. and Suresh, L. and Costa, P.},
 doi = {10.1109/TNET.2017.2782006},
 issn = {1063-6692},
 journal = {IEEE/ACM Transactions on Networking},
 month = {feb},
 number = {1},
 pages = {422--435},
 shorttitle = {Kraken},
 title = {Kraken: {{Online}} and {{Elastic Resource Reservations}} for {{Cloud Datacenters}}},
 volume = {26},
 year = {2018}
}

@article{fuhrmann1985stochastic,
 author = {Fuhrmann, S. W. and Cooper, Robert B.},
 doi = {10.1287/opre.33.5.1117},
 issn = {0030-364X},
 journal = {Operations Research},
 month = {oct},
 number = {5},
 pages = {1117--1129},
 title = {Stochastic {{Decompositions}} in the {{M}}/{{G}}/1 {{Queue}} with {{Generalized Vacations}}},
 volume = {33},
 year = {1985}
}

@article{gabry2016energyefficient,
 author = {Gabry, F. and Bioglio, V. and Land, I.},
 doi = {10.1109/JSAC.2016.2611845},
 issn = {0733-8716},
 journal = {IEEE Journal on Selected Areas in Communications},
 month = {dec},
 number = {12},
 pages = {3288--3298},
 title = {On {{Energy}}-{{Efficient Edge Caching}} in {{Heterogeneous Networks}}},
 volume = {34},
 year = {2016}
}

@inproceedings{gao2019deep,
 author = {Gao, Z. and Jiao, Q. and Xiao, K. and Wang, Q. and Mo, Z. and Yang, Y.},
 booktitle = {2019 {{IEEE International Conference}} on {{Service}}-{{Oriented System Engineering}} ({{SOSE}})},
 doi = {10.1109/SOSE.2019.00025},
 month = {apr},
 pages = {116--1165},
 title = {Deep {{Reinforcement Learning Based Service Migration Strategy}} for {{Edge Computing}}},
 year = {2019}
}

@inproceedings{gao2019winning,
 author = {Gao, Bin and Zhou, Zhi and Liu, Fangming and Xu, Fei},
 booktitle = {{{IEEE INFOCOM}} 2019 - {{IEEE Conference}} on {{Computer Communications}}},
 doi = {10.1109/INFOCOM.2019.8737543},
 issn = {2641-9874, 0743-166X},
 month = {apr},
 pages = {1459--1467},
 shorttitle = {Winning at the {{Starting Line}}},
 title = {Winning at the {{Starting Line}}: {{Joint Network Selection}} and {{Service Placement}} for {{Mobile Edge Computing}}},
 year = {2019}
}

@article{garcia-saavedra2018joint,
 author = {{Garcia-Saavedra}, A. and Iosifidis, G. and {Costa-Perez}, X. and Leith, D. J.},
 doi = {10.1109/JSAC.2018.2874142},
 issn = {0733-8716},
 journal = {IEEE Journal on Selected Areas in Communications},
 month = {nov},
 number = {11},
 pages = {2433--2443},
 title = {Joint {{Optimization}} of {{Edge Computing Architectures}} and {{Radio Access Networks}}},
 volume = {36},
 year = {2018}
}

@article{garmehi2014economic,
 author = {Garmehi, Mehran and Analoui, Morteza and Pathan, Mukaddim and Buyya, Rajkumar},
 doi = {10.1016/j.comcom.2014.06.007},
 issn = {0140-3664},
 journal = {Computer Communications},
 month = {oct},
 pages = {60--70},
 title = {An Economic Replica Placement Mechanism for Streaming Content Distribution in {{Hybrid CDN}}-{{P2P}} Networks},
 volume = {52},
 year = {2014}
}

@inproceedings{geng2018energyefficient,
 author = {Geng, Y. and Yang, Y. and Cao, G.},
 booktitle = {Proceedings of {{IEEE Conference}} on {{Computer Communications}} ({{INFOCOM}} 2018)},
 doi = {10.1109/INFOCOM.2018.8485875},
 month = {apr},
 pages = {46--54},
 title = {Energy-{{Efficient Computation Offloading}} for {{Multicore}}-{{Based Mobile Devices}}},
 year = {2018}
}

@inproceedings{geyer2019deeptma,
 author = {Geyer, Fabien and Bondorf, Steffen},
 booktitle = {{{IEEE INFOCOM}} 2019 - {{IEEE Conference}} on {{Computer Communications}}},
 doi = {10.1109/INFOCOM.2019.8737496},
 issn = {0743-166X},
 month = {apr},
 pages = {1009--1017},
 shorttitle = {{{DeepTMA}}},
 title = {{{DeepTMA}}: {{Predicting Effective Contention Models}} for {{Network Calculus}} Using {{Graph Neural Networks}}},
 year = {2019}
}

@article{ghazvini2013game,
 author = {Ghazvini, M. and Movahedinia, N. and Jamshidi, K. and Moghim, N.},
 doi = {10.1109/SURV.2012.111412.00167},
 journal = {IEEE Communications Surveys Tutorials},
 number = {3},
 pages = {1062--1087},
 title = {Game {{Theory Applications}} in {{CSMA Methods}}},
 volume = {15},
 year = {Third 2013}
}

@article{ghomi2019applying,
 author = {Ghomi, Einollah Jafarnejad and Rahmani, Amir Masoud and Qader, Nooruldeen Nasih},
 copyright = {\textcopyright{} 2019 John Wiley \& Sons, Ltd.},
 doi = {10.1002/cpe.5186},
 issn = {1532-0634},
 journal = {Concurrency and Computation: Practice and Experience},
 language = {en},
 number = {17},
 pages = {e5186},
 shorttitle = {Applying Queue Theory for Modeling of Cloud Computing},
 title = {Applying Queue Theory for Modeling of Cloud Computing: {{A}} Systematic Review},
 volume = {31},
 year = {2019}
}

@article{gil-costa2018graphbased,
 author = {{Gil-Costa}, Veronica and Marin, Mauricio and Bonacic, Carolina and Solar, Roberto},
 doi = {10.1007/s11227-017-2207-3},
 issn = {0920-8542, 1573-0484},
 journal = {The Journal of Supercomputing},
 language = {en},
 month = {may},
 number = {5},
 pages = {2006--2034},
 title = {A Graph-Based Cache for Large-Scale Similarity Search Engines},
 volume = {74},
 year = {2018}
}

@article{giust2018multiaccess,
 author = {Giust, F. and Sciancalepore, V. and Sabella, D. and Filippou, M. C. and Mangiante, S. and Featherstone, W. and Munaretto, D.},
 doi = {10.1109/MCOMSTD.2018.1800013},
 issn = {2471-2825},
 journal = {IEEE Communications Standards Magazine},
 month = {sep},
 number = {3},
 pages = {66--73},
 shorttitle = {Multi-{{Access Edge Computing}}},
 title = {Multi-{{Access Edge Computing}}: {{The Driver Behind}} the {{Wheel}} of {{5G}}-{{Connected Cars}}},
 volume = {2},
 year = {2018}
}

@article{gonzalez2018dependability,
 author = {Gonzalez, A. J. and Nencioni, G. and Kamisi{\'n}ski, A. and Helvik, B. E. and Heegaard, P. E.},
 doi = {10.1109/COMST.2018.2830648},
 issn = {1553-877X},
 journal = {IEEE Communications Surveys Tutorials},
 number = {4},
 pages = {3307--3329},
 shorttitle = {Dependability of the {{NFV Orchestrator}}},
 title = {Dependability of the {{NFV Orchestrator}}: {{State}} of the {{Art}} and {{Research Challenges}}},
 volume = {20},
 year = {Fourthquarter 2018}
}

@article{goumagias2018using,
 author = {Goumagias, Nikolaos D. and {Hristu-Varsakelis}, Dimitrios and Assael, Yannis M.},
 doi = {10.1016/j.eswa.2018.01.039},
 issn = {0957-4174},
 journal = {Expert Systems with Applications},
 month = {jul},
 pages = {258--270},
 title = {Using Deep {{Q}}-Learning to Understand the Tax Evasion Behavior of Risk-Averse Firms},
 volume = {101},
 year = {2018}
}

@inproceedings{govindaraj2018container,
 author = {Govindaraj, K. and Artemenko, A.},
 booktitle = {2018 {{IEEE}} 23rd {{International Conference}} on {{Emerging Technologies}} and {{Factory Automation}} ({{ETFA}})},
 doi = {10.1109/ETFA.2018.8502659},
 month = {sep},
 pages = {83--90},
 title = {Container {{Live Migration}} for {{Latency Critical Industrial Applications}} on {{Edge Computing}}},
 volume = {1},
 year = {2018}
}

@inproceedings{gu2019deep,
 author = {Gu, Lin and Zeng, Deze and Li, Wei and Guo, Song and Zomaya, Albert and Jin, Hai},
 booktitle = {2019 {{IEEE}} 39th {{International Conference}} on {{Distributed Computing Systems}} ({{ICDCS}})},
 doi = {10.1109/ICDCS.2019.00097},
 issn = {2575-8411, 1063-6927},
 month = {jul},
 pages = {934--943},
 title = {Deep {{Reinforcement Learning Based VNF Management}} in {{Geo}}-Distributed {{Edge Computing}}},
 year = {2019}
}

@inproceedings{guerrero-contreras2015dynamic,
 author = {{Guerrero-Contreras}, Gabriel and {Rodr{\'i}guez-Dom{\'i}nguez}, Carlos and {Balderas-D{\'i}az}, Sara and Garrido, Jos{\'e} Luis},
 booktitle = {Proceedings of {{New Contributions}} in {{Information Systems}} and {{Technologies}}},
 editor = {Rocha, Alvaro and Correia, Ana Maria and Costanzo, Sandra and Reis, Luis Paulo},
 isbn = {978-3-319-16486-1},
 language = {en},
 pages = {855--864},
 publisher = {{Springer International Publishing}},
 series = {Advances in {{Intelligent Systems}} and {{Computing}}},
 title = {Dynamic {{Replication}} and {{Deployment}} of {{Services}} in {{Mobile Environments}}},
 year = {2015}
}

@article{gunantara2018review,
 author = {Gunantara, Nyoman},
 doi = {10.1080/23311916.2018.1502242},
 editor = {Ai, Qingsong},
 issn = {null},
 journal = {Cogent Engineering},
 month = {jan},
 number = {1},
 pages = {1502242},
 shorttitle = {A Review of Multi-Objective Optimization},
 title = {A Review of Multi-Objective Optimization: {{Methods}} and Its Applications},
 volume = {5},
 year = {2018}
}

@inproceedings{guo2017caching,
 author = {Guo, K. and Yang, C. and Liu, T.},
 booktitle = {2017 {{IEEE Wireless Communications}} and {{Networking Conference}} ({{WCNC}})},
 doi = {10.1109/WCNC.2017.7925848},
 month = {mar},
 pages = {1--6},
 title = {Caching in {{Base Station}} with {{Recommendation}} via {{Q}}-{{Learning}}},
 year = {2017}
}

@article{guo2018energy,
 author = {Guo, S. and Shi, Y. and Yang, Y. and Xiao, B.},
 doi = {10.1109/TMC.2017.2773067},
 issn = {1536-1233},
 journal = {IEEE Transactions on Mobile Computing},
 month = {jul},
 number = {7},
 pages = {1524--1537},
 title = {Energy {{Efficiency Maximization}} in {{Mobile Wireless Energy Harvesting Sensor Networks}}},
 volume = {17},
 year = {2018}
}

@inproceedings{guo2018foggycache,
 address = {{New York, NY, USA}},
 author = {Guo, Peizhen and Hu, Bo and Li, Rui and Hu, Wenjun},
 booktitle = {Proceedings of the 24th {{Annual International Conference}} on {{Mobile Computing}} and {{Networking}}},
 doi = {10.1145/3241539.3241557},
 isbn = {978-1-4503-5903-0},
 pages = {19--34},
 publisher = {{ACM}},
 series = {{{MobiCom}} '18},
 shorttitle = {{{FoggyCache}}},
 title = {{{FoggyCache}}: {{Cross}}-{{Device Approximate Computation Reuse}}},
 year = {2018}
}

@article{guo2018resource,
 author = {Guo, S. and Wu, D. and Zhang, H. and Yuan, D.},
 doi = {10.1109/ACCESS.2018.2851392},
 issn = {2169-3536},
 journal = {IEEE Access},
 pages = {35611--35623},
 shorttitle = {Resource {{Modeling}} and {{Scheduling}} for {{Mobile Edge Computing}}},
 title = {Resource {{Modeling}} and {{Scheduling}} for {{Mobile Edge Computing}}: {{A Service Provider}}'s {{Perspective}}},
 volume = {6},
 year = {2018}
}

@article{guo2019energyefficient,
 author = {Guo, S. and Liu, J. and Yang, Y. and Xiao, B. and Li, Z.},
 doi = {10.1109/TMC.2018.2831230},
 issn = {1536-1233},
 journal = {IEEE Transactions on Mobile Computing},
 month = {feb},
 number = {2},
 pages = {319--333},
 title = {Energy-{{Efficient Dynamic Computation Offloading}} and {{Cooperative Task Scheduling}} in {{Mobile Cloud Computing}}},
 volume = {18},
 year = {2019}
}

@article{ha2015adaptive,
 author = {Ha, Kiryong and Abe, Yoshihisa and Chen, Zhuo and Hu, Wenlu and Amos, Brandon and Pillai, Padmanabhan and Satyanarayanan, Mahadev},
 title = {Adaptive {{VM Handoff Across Cloudlets}}},
 year = {2015}
}

@inproceedings{ha2017webbased,
 author = {Ha, J. and Kim, J. and Park, H. and Lee, J. and Jo, H. and Kim, H. and Jang, J.},
 booktitle = {2017 {{International Conference}} on {{Information}} and {{Communication Technology Convergence}} ({{ICTC}})},
 doi = {10.1109/ICTC.2017.8190760},
 month = {oct},
 pages = {708--710},
 title = {A Web-Based Service Deployment Method to Edge Devices in Smart Factory Exploiting {{Docker}}},
 year = {2017}
}

@inproceedings{ha2017webbaseda,
 author = {Ha, J. and Kim, J. and Park, H. and Lee, J. and Jo, H. and Kim, H. and Jang, J.},
 booktitle = {2017 {{International Conference}} on {{Information}} and {{Communication Technology Convergence}} ({{ICTC}})},
 doi = {10.1109/ICTC.2017.8190760},
 month = {oct},
 pages = {708--710},
 title = {A Web-Based Service Deployment Method to Edge Devices in Smart Factory Exploiting {{Docker}}},
 year = {2017}
}

@inproceedings{hadzic2017edge,
 address = {{New York, NY, USA}},
 author = {Had{\v z}i{\'c}, Ilija and Abe, Yoshihisa and Woithe, Hans C.},
 booktitle = {Proceedings of the {{Second ACM}}/{{IEEE Symposium}} on {{Edge Computing}}},
 doi = {10.1145/3132211.3134449},
 isbn = {978-1-4503-5087-7},
 pages = {13:1--13:10},
 publisher = {{ACM}},
 series = {{{SEC}} '17},
 shorttitle = {Edge {{Computing}} in the {{ePC}}},
 title = {Edge {{Computing}} in the {{ePC}}: {{A Reality Check}}},
 year = {2017}
}

@article{halpern2007computer,
 archiveprefix = {arXiv},
 author = {Halpern, Joseph Y.},
 eprint = {cs/0703148},
 eprinttype = {arxiv},
 journal = {arXiv:cs/0703148},
 month = {mar},
 shorttitle = {Computer {{Science}} and {{Game Theory}}},
 title = {Computer {{Science}} and {{Game Theory}}: {{A Brief Survey}}},
 year = {2007}
}

@inproceedings{hasan2014tradeoffs,
 author = {Hasan, S. and Gorinsky, S. and Dovrolis, C. and Sitaraman, R. K.},
 booktitle = {{{IEEE INFOCOM}} 2014 - {{IEEE Conference}} on {{Computer Communications}}},
 doi = {10.1109/INFOCOM.2014.6847969},
 month = {apr},
 pages = {460--468},
 title = {Trade-Offs in Optimizing the Cache Deployments of {{CDNs}}},
 year = {2014}
}

@article{hatemsimulation,
 author = {Hatem, Mezaache and Foudil, Abdessemed},
 language = {en},
 pages = {12},
 title = {Simulation of the Navigation of a Mobile Robot by the {{Q}}- {{Learning}} Using Artificial Neuron Networks}
}

@article{he2019gametheoretical,
 author = {He, Qiang and Cui, Guangming and Zhang, Xuyun and Chen, Feifei and Deng, Shuiguang and Jin, Hai and Li, Yanhui and Yang, Yun},
 doi = {10.1109/TPDS.2019.2938944},
 issn = {1045-9219, 1558-2183, 2161-9883},
 journal = {IEEE Transactions on Parallel and Distributed Systems},
 language = {en},
 pages = {1--1},
 title = {A {{Game}}-{{Theoretical Approach}} for {{User Allocation}} in {{Edge Computing Environment}}},
 year = {2019}
}

@article{hong2019resource,
 author = {Hong, Cheol-Ho and Varghese, Blesson},
 doi = {10.1145/3326066},
 issn = {0360-0300},
 journal = {ACM Comput. Surv.},
 month = {sep},
 number = {5},
 pages = {97:1--97:37},
 shorttitle = {Resource {{Management}} in {{Fog}}/{{Edge Computing}}},
 title = {Resource {{Management}} in {{Fog}}/{{Edge Computing}}: {{A Survey}} on {{Architectures}}, {{Infrastructure}}, and {{Algorithms}}},
 volume = {52},
 year = {2019}
}

@inproceedings{horii2018stateful,
 author = {Horii, M. and Kojima, Y. and Fukuda, K.},
 booktitle = {2018 {{IEEE Wireless Communications}} and {{Networking Conference}} ({{WCNC}})},
 doi = {10.1109/WCNC.2018.8377072},
 month = {apr},
 pages = {1--6},
 title = {Stateful Process Migration for Edge Computing Applications},
 year = {2018}
}

@article{hou2018proactive,
 author = {Hou, Tingting and Feng, Gang and Qin, Shuang and Jiang, Wei},
 copyright = {Copyright \textcopyright{} 2018 John Wiley \& Sons, Ltd.},
 doi = {10.1002/dac.3706},
 issn = {1099-1131},
 journal = {International Journal of Communication Systems},
 language = {en},
 number = {11},
 pages = {e3706},
 title = {Proactive Content Caching by Exploiting Transfer Learning for Mobile Edge Computing},
 volume = {31},
 year = {2018}
}

@article{hsieh20185g,
 author = {Hsieh, Han-Chuan and Chen, Jiann-Liang and Benslimane, Abderrahim},
 doi = {10.1016/j.jnca.2018.05.001},
 issn = {10848045},
 journal = {Journal of Network and Computer Applications},
 language = {en},
 month = {aug},
 pages = {94--102},
 title = {{{5G Virtualized Multi}}-Access {{Edge Computing Platform}} for {{IoT Applications}}},
 volume = {115},
 year = {2018}
}

@inproceedings{hu2018enabling,
 author = {Hu, Y. and Li, T.},
 booktitle = {2018 {{IEEE International Symposium}} on {{High Performance Computer Architecture}} ({{HPCA}})},
 doi = {10.1109/HPCA.2018.00013},
 month = {feb},
 pages = {27--39},
 title = {Enabling {{Efficient Network Service Function Chain Deployment}} on {{Heterogeneous Server Platform}}},
 year = {2018}
}

@inproceedings{hu2019linkshare,
 address = {{Arlington, Virginia}},
 author = {Hu, Bo and Hu, Wenjun},
 booktitle = {Proceedings of the 4th {{ACM}}/{{IEEE Symposium}} on {{Edge Computing}}},
 doi = {10.1145/3318216.3363303},
 isbn = {978-1-4503-6733-2},
 pages = {15--29},
 publisher = {{ACM}},
 series = {{{SEC}} '19},
 shorttitle = {{{LinkShare}}},
 title = {{{LinkShare}}: {{Device}}-Centric {{Control}} for {{Concurrent}} and {{Continuous Mobile}}-Cloud {{Interactions}}},
 year = {2019}
}

@inproceedings{hwangnamkim2004network,
 author = {Hwangnam Kim and Hou, J.C.},
 booktitle = {{{IEEE INFOCOM}} 2004},
 doi = {10.1109/INFCOM.2004.1354701},
 issn = {0743-166X},
 month = {mar},
 pages = {2844-2855 vol.4},
 shorttitle = {Network Calculus Based Simulation for {{TCP}} Congestion Control},
 title = {Network Calculus Based Simulation for {{TCP}} Congestion Control: Theorems, Implementation and Evaluation},
 volume = {4},
 year = {2004}
}

@inproceedings{im2018snncache,
 author = {Im, Y. and Prahladan, P. and Kim, T. H. and Hong, Y. G. and Ha, S.},
 booktitle = {2018 52nd {{Annual Conference}} on {{Information Sciences}} and {{Systems}} ({{CISS}})},
 doi = {10.1109/CISS.2018.8362281},
 month = {mar},
 pages = {1--6},
 shorttitle = {{{SNN}}-Cache},
 title = {{{SNN}}-Cache: {{A}} Practical Machine Learning-Based Caching System Utilizing the Inter-Relationships of Requests},
 year = {2018}
}

@article{jaber20165g,
 author = {Jaber, M. and Imran, M. A. and Tafazolli, R. and Tukmanov, A.},
 doi = {10.1109/ACCESS.2016.2556011},
 issn = {2169-3536},
 journal = {IEEE Access},
 pages = {1743--1766},
 shorttitle = {{{5G Backhaul Challenges}} and {{Emerging Research Directions}}},
 title = {{{5G Backhaul Challenges}} and {{Emerging Research Directions}}: {{A Survey}}},
 volume = {4},
 year = {2016}
}

@article{jaber2018wireless,
 author = {Jaber, M. and {Lopez-Martinez}, F. J. and Imran, M. A. and Sutton, A. and Tukmanov, A. and Tafazolli, R.},
 doi = {10.1109/TWC.2018.2806456},
 issn = {1536-1276},
 journal = {IEEE Transactions on Wireless Communications},
 month = {may},
 number = {5},
 pages = {3095--3110},
 shorttitle = {Wireless {{Backhaul}}},
 title = {Wireless {{Backhaul}}: {{Performance Modeling}} and {{Impact}} on {{User Association}} for {{5G}}},
 volume = {17},
 year = {2018}
}

@article{jain2017cooperative,
 author = {Jain, Rahul and Panda, Preeti Ranjan and Subramoney, Sreenivas},
 doi = {10.1145/3132170},
 issn = {1544-3566},
 journal = {ACM Trans. Archit. Code Optim.},
 month = {nov},
 number = {4},
 pages = {32:1--32:25},
 title = {Cooperative {{Multi}}-{{Agent Reinforcement Learning}}-{{Based Co}}-Optimization of {{Cores}}, {{Caches}}, and {{On}}-Chip {{Network}}},
 volume = {14},
 year = {2017}
}

@article{jang2017joint,
 author = {Jang, I. and Suh, D. and Pack, S. and D{\'a}n, G.},
 doi = {10.1109/JSAC.2017.2760162},
 issn = {0733-8716},
 journal = {IEEE Journal on Selected Areas in Communications},
 month = {nov},
 number = {11},
 pages = {2532--2541},
 title = {Joint {{Optimization}} of {{Service Function Placement}} and {{Flow Distribution}} for {{Service Function Chaining}}},
 volume = {35},
 year = {2017}
}

@inproceedings{jararweh2016future,
 author = {Jararweh, Y. and Doulat, A. and AlQudah, O. and Ahmed, E. and {Al-Ayyoub}, M. and Benkhelifa, E.},
 booktitle = {2016 23rd {{International Conference}} on {{Telecommunications}} ({{ICT}})},
 doi = {10.1109/ICT.2016.7500486},
 month = {may},
 pages = {1--5},
 shorttitle = {The Future of Mobile Cloud Computing},
 title = {The Future of Mobile Cloud Computing: {{Integrating}} Cloudlets and {{Mobile Edge Computing}}},
 year = {2016}
}

@article{jia2017optimal,
 author = {Jia, M. and Cao, J. and Liang, W.},
 doi = {10.1109/TCC.2015.2449834},
 issn = {2168-7161},
 journal = {IEEE Transactions on Cloud Computing},
 month = {oct},
 number = {4},
 pages = {725--737},
 title = {Optimal {{Cloudlet Placement}} and {{User}} to {{Cloudlet Allocation}} in {{Wireless Metropolitan Area Networks}}},
 volume = {5},
 year = {2017}
}

@inproceedings{jiang2010network,
 author = {Jiang, Yuming},
 booktitle = {4th {{International ICST Conference}} on {{Performance Evaluation Methodologies}} and {{Tools}}},
 isbn = {978-963-9799-70-7},
 month = {may},
 shorttitle = {Network Calculus and Queueing Theory},
 title = {Network Calculus and Queueing Theory: Two Sides of One Coin: Invited Paper},
 year = {2010}
}

@article{jin2018cooperative,
 author = {Jin, Jiahui and Li, Yunhao and Luo, Junzhou},
 copyright = {\textcopyright{} 2018 John Wiley \& Sons, Ltd.},
 doi = {10.1002/cpe.4914},
 issn = {1532-0634},
 journal = {Concurrency and Computation: Practice and Experience},
 language = {en},
 month = {oct},
 number = {20},
 pages = {e4914},
 title = {Cooperative Storage by Exploiting Graph-Based Data Placement Algorithm for Edge Computing Environment},
 volume = {30},
 year = {2018}
}

@inproceedings{john2013research,
 author = {John, W. and Pentikousis, K. and Agapiou, G. and Jacob, E. and Kind, M. and Manzalini, A. and Risso, F. and Staessens, D. and Steinert, R. and Meirosu, C.},
 booktitle = {2013 {{IEEE SDN}} for {{Future Networks}} and {{Services}} ({{SDN4FNS}})},
 doi = {10.1109/SDN4FNS.2013.6702549},
 month = {nov},
 pages = {1--7},
 title = {Research {{Directions}} in {{Network Service Chaining}}},
 year = {2013}
}

@inproceedings{junior2016parallelism,
 author = {Junior, E. M. De Sousa and Sardina, I. M. and Lopes, F.},
 booktitle = {Proceedings of {{International Symposium}} on {{Computer Architecture}} and {{High Performance Computing Workshops}} ({{SBAC}}-{{PADW}} 2016)},
 doi = {10.1109/SBAC-PADW.2016.14},
 month = {oct},
 pages = {31--36},
 shorttitle = {Parallelism and {{Scalability}}},
 title = {Parallelism and {{Scalability}}: {{A Solution Focused}} on the {{Cloud Computing Processing Service Billing}}},
 year = {2016}
}

@inproceedings{kafaie2016throughput,
 author = {Kafaie, Somayeh and Ahmed, Mohamed H. and Chen, Yuanzhu and Dobre, Octavia A.},
 booktitle = {2016 {{IEEE Global Communications Conference}} ({{GLOBECOM}})},
 doi = {10.1109/GLOCOM.2016.7842325},
 month = {dec},
 pages = {1--6},
 title = {Throughput {{Analysis}} of {{Network Coding}} in {{Multi}}-{{Hop Wireless Mesh Networks Using Queueing Theory}}},
 year = {2016}
}

@article{kairouz2019advances,
 archiveprefix = {arXiv},
 author = {Kairouz, Peter and McMahan, H. Brendan and Avent, Brendan and Bellet, Aur{\'e}lien and Bennis, Mehdi and Bhagoji, Arjun Nitin and Bonawitz, Keith and Charles, Zachary and Cormode, Graham and Cummings, Rachel and D'Oliveira, Rafael G. L. and Rouayheb, Salim El and Evans, David and Gardner, Josh and Garrett, Zachary and Gasc{\'o}n, Adri{\`a} and Ghazi, Badih and Gibbons, Phillip B. and Gruteser, Marco and Harchaoui, Zaid and He, Chaoyang and He, Lie and Huo, Zhouyuan and Hutchinson, Ben and Hsu, Justin and Jaggi, Martin and Javidi, Tara and Joshi, Gauri and Khodak, Mikhail and Kone{\v c}n{\'y}, Jakub and Korolova, Aleksandra and Koushanfar, Farinaz and Koyejo, Sanmi and Lepoint, Tancr{\`e}de and Liu, Yang and Mittal, Prateek and Mohri, Mehryar and Nock, Richard and {\"O}zg{\"u}r, Ayfer and Pagh, Rasmus and Raykova, Mariana and Qi, Hang and Ramage, Daniel and Raskar, Ramesh and Song, Dawn and Song, Weikang and Stich, Sebastian U. and Sun, Ziteng and Suresh, Ananda Theertha and Tram{\`e}r, Florian and Vepakomma, Praneeth and Wang, Jianyu and Xiong, Li and Xu, Zheng and Yang, Qiang and Yu, Felix X. and Yu, Han and Zhao, Sen},
 eprint = {1912.04977},
 eprinttype = {arxiv},
 journal = {arXiv:1912.04977 [cs, stat]},
 language = {en},
 month = {dec},
 primaryclass = {cs, stat},
 title = {Advances and {{Open Problems}} in {{Federated Learning}}},
 year = {2019}
}

@inproceedings{kamarainen2018cloudvr,
 address = {{Seoul, Republic of Korea}},
 author = {K{\"a}m{\"a}r{\"a}inen, Teemu and Siekkinen, Matti and Eerik{\"a}inen, Jukka and {Yl{\"a}-J{\"a}{\"a}ski}, Antti},
 booktitle = {Proceedings of the 26th {{ACM International Conference}} on {{Multimedia}}},
 doi = {10.1145/3240508.3240620},
 isbn = {978-1-4503-5665-7},
 pages = {1181--1189},
 publisher = {{ACM}},
 series = {{{MM}} '18},
 shorttitle = {{{CloudVR}}},
 title = {{{CloudVR}}: {{Cloud Accelerated Interactive Mobile Virtual Reality}}},
 year = {2018}
}

@inproceedings{kanda2018dynamic,
 address = {{Las Vegas, NV}},
 author = {Kanda, Koudai and Arakawa, Shin'ichi and Imai, Satoshi and Katagiri, Toru and Sekiya, Motoyoshi and Murata, Masayuki},
 booktitle = {Proceedings of 2018 15th {{IEEE Annual Consumer Communications}} \& {{Networking Conference}} ({{CCNC}})},
 doi = {10.1109/CCNC.2018.8319202},
 isbn = {978-1-5386-4790-5},
 month = {jan},
 pages = {1--6},
 publisher = {{IEEE}},
 title = {Dynamic Resource Control Method Based on Real World Representation with Potential Field},
 year = {2018}
}

@inproceedings{karhula2019checkpointing,
 address = {{Dresden, Germany}},
 author = {Karhula, Pekka and Janak, Jan and Schulzrinne, Henning},
 booktitle = {Proceedings of the {{2Nd International Workshop}} on {{Edge Systems}}, {{Analytics}} and {{Networking}}},
 doi = {10.1145/3301418.3313947},
 isbn = {978-1-4503-6275-7},
 pages = {60--65},
 publisher = {{ACM}},
 series = {{{EdgeSys}} '19},
 title = {Checkpointing and {{Migration}} of {{IoT Edge Functions}}},
 year = {2019}
}

@inproceedings{kasgari2019modelfree,
 author = {Kasgari, A. T. Z. and Saad, W.},
 booktitle = {{{ICC}} 2019 - 2019 {{IEEE International Conference}} on {{Communications}} ({{ICC}})},
 doi = {10.1109/ICC.2019.8761721},
 month = {may},
 pages = {1--6},
 shorttitle = {Model-{{Free Ultra Reliable Low Latency Communication}} ({{URLLC}})},
 title = {Model-{{Free Ultra Reliable Low Latency Communication}} ({{URLLC}}): {{A Deep Reinforcement Learning Framework}}},
 year = {2019}
}

@inproceedings{kasgari2019modelfreea,
 address = {{Shanghai, China}},
 author = {Kasgari, Ali Taleb Zadeh and Saad, Walid},
 booktitle = {{{ICC}} 2019 - 2019 {{IEEE International Conference}} on {{Communications}} ({{ICC}})},
 doi = {10.1109/ICC.2019.8761721},
 isbn = {978-1-5386-8088-9},
 language = {en},
 month = {may},
 pages = {1--6},
 publisher = {{IEEE}},
 shorttitle = {Model-{{Free Ultra Reliable Low Latency Communication}} ({{URLLC}})},
 title = {Model-{{Free Ultra Reliable Low Latency Communication}} ({{URLLC}}): {{A Deep Reinforcement Learning Framework}}},
 year = {2019}
}

@inproceedings{katsalis2016sladriven,
 address = {{San Francisco, CA, USA}},
 author = {Katsalis, Kostas and Papaioannou, Thanasis G. and Nikaein, Navid and Tassiulas, Leandros},
 booktitle = {Proceedings of 2016 {{IEEE}} 9th {{International Conference}} on {{Cloud Computing}} ({{CLOUD}})},
 doi = {10.1109/CLOUD.2016.0104},
 isbn = {978-1-5090-2619-7},
 month = {jun},
 pages = {750--757},
 publisher = {{IEEE}},
 title = {{{SLA}}-{{Driven VM Scheduling}} in {{Mobile Edge Computing}}},
 year = {2016}
}

@inproceedings{kikuchi2018vm,
 address = {{Langkawi, Malaysia}},
 author = {Kikuchi, Jun and Wu, Celimuge and Ji, Yusheng and Murase, Tutomu},
 booktitle = {Proceedings of the 12th {{International Conference}} on {{Ubiquitous Information Management}} and {{Communication}}},
 doi = {10.1145/3164541.3164552},
 isbn = {978-1-4503-6385-3},
 pages = {47:1--47:8},
 publisher = {{ACM}},
 series = {{{IMCOM}} '18},
 title = {{{VM Migration}} in {{Mobile Edge Computing}} for {{QoS Improvement}} with {{Wireless Multi}}-{{Hop Access Networks}}},
 year = {2018}
}

@inproceedings{kim2017practical,
 address = {{Melbourne, VIC}},
 author = {Kim, Sung-Yeon and {de Foy}, Xavier and Reznik, Alex},
 booktitle = {Proceedings of 2017 27th {{International Telecommunication Networks}} and {{Applications Conference}} ({{ITNAC}})},
 doi = {10.1109/ATNAC.2017.8215372},
 isbn = {978-1-5090-6796-1},
 month = {nov},
 pages = {1--6},
 publisher = {{IEEE}},
 title = {Practical Service Allocation in Mobile Edge Computing Systems},
 year = {2017}
}

@article{kindt2018neighbor,
 author = {Kindt, P. H. and Saur, M. and Balszun, M. and Chakraborty, S.},
 doi = {10.1109/TMC.2017.2737008},
 issn = {1536-1233},
 journal = {IEEE Transactions on Mobile Computing},
 month = {mar},
 number = {3},
 pages = {617--631},
 title = {Neighbor {{Discovery Latency}} in {{BLE}}-{{Like Protocols}}},
 volume = {17},
 year = {2018}
}

@article{kingsfordcmsc,
 author = {Kingsford, Carl},
 language = {en},
 pages = {22},
 title = {{{CMSC}} 451: {{Reductions}} \& {{NP}}-Completeness}
}

@article{kishk2017double,
 author = {Kishk, A. A.},
 doi = {10.1109/MAP.2017.2707918},
 issn = {1045-9243},
 journal = {IEEE Antennas and Propagation Magazine},
 month = {aug},
 number = {4},
 pages = {6--6},
 title = {Double {{Publications}} and {{Extended Conference Papers}} [{{President}}'s {{Message}}]},
 volume = {59},
 year = {2017}
}

@inproceedings{kortoci2019fogbased,
 author = {Korto{\c c}i, P. and Zheng, L. and {Joe-wong}, C. and Francesco, M. D. and Chiang, M.},
 booktitle = {{{IEEE INFOCOM}} 2019 - {{IEEE Conference}} on {{Computer Communications}}},
 doi = {10.1109/INFOCOM.2019.8737503},
 month = {apr},
 pages = {784--792},
 title = {Fog-Based {{Data Offloading}} in {{Urban IoT Scenarios}}},
 year = {2019}
}

@inproceedings{kosta2012thinkair,
 author = {Kosta, S. and Aucinas, A. and {Pan Hui} and Mortier, R. and {Xinwen Zhang}},
 booktitle = {Proceedings of {{IEEE Conference}} on {{Computer Communications}} ({{INFOCOM}} 2012)},
 doi = {10.1109/INFCOM.2012.6195845},
 month = {mar},
 pages = {945--953},
 shorttitle = {{{ThinkAir}}},
 title = {{{ThinkAir}}: {{Dynamic}} Resource Allocation and Parallel Execution in the Cloud for Mobile Code Offloading},
 year = {2012}
}

@article{kreinovich2016conference,
 author = {Kreinovich, V.},
 doi = {10.1109/MSMC.2016.2557467},
 issn = {2333-942X},
 journal = {IEEE Systems, Man, and Cybernetics Magazine},
 month = {apr},
 number = {2},
 pages = {54--55},
 shorttitle = {From {{Conference Papers}} to {{Journal Papers}}},
 title = {From {{Conference Papers}} to {{Journal Papers}}: {{Challenges}} and {{New Ideas}} [{{Leader}}'s {{Corner}}]},
 volume = {2},
 year = {2016}
}

@inproceedings{lai2017furion,
 address = {{Snowbird, Utah, USA}},
 author = {Lai, Zeqi and Hu, Y. Charlie and Cui, Yong and Sun, Linhui and Dai, Ningwei},
 booktitle = {Proceedings of the 23rd {{Annual International Conference}} on {{Mobile Computing}} and {{Networking}}},
 doi = {10.1145/3117811.3117815},
 isbn = {978-1-4503-4916-1},
 pages = {409--421},
 publisher = {{ACM}},
 series = {{{MobiCom}} '17},
 shorttitle = {Furion},
 title = {Furion: {{Engineering High}}-{{Quality Immersive Virtual Reality}} on {{Today}}'s {{Mobile Devices}}},
 year = {2017}
}

@article{larrosappt,
 author = {Larrosa, Javier and Oliveras, Albert and {Rodr\i{}guez-Carbonell}, Enric},
 language = {en},
 pages = {68},
 title = {[{{PPT}}]{{Mixed Integer Linear Programming}}}
}

@inproceedings{le2018deep,
 author = {Le, D. Van and Tham, C.},
 booktitle = {{{IEEE INFOCOM}} 2018 - {{IEEE Conference}} on {{Computer Communications Workshops}} ({{INFOCOM WKSHPS}})},
 doi = {10.1109/INFCOMW.2018.8406881},
 month = {apr},
 pages = {760--765},
 title = {A Deep Reinforcement Learning Based Offloading Scheme in Ad-Hoc Mobile Clouds},
 year = {2018}
}

@article{leboudec1998application,
 author = {Le Boudec, J.-Y.},
 doi = {10.1109/18.669170},
 issn = {1557-9654},
 journal = {IEEE Transactions on Information Theory},
 month = {may},
 number = {3},
 pages = {1087--1096},
 title = {Application of Network Calculus to Guaranteed Service Networks},
 volume = {44},
 year = {1998}
}

@inproceedings{leu2019migration,
 address = {{Cham}},
 author = {Leu, Fang-Yie and Susanto, Heru and Chou, Ping-Hung and Lin, Jeng-Wei},
 booktitle = {Advances on {{Broadband}} and {{Wireless Computing}}, {{Communication}} and {{Applications}}},
 doi = {10.1007/978-3-030-02613-4_52},
 editor = {Barolli, Leonard and Leu, Fang-Yie and Enokido, Tomoya and Chen, Hsing-Chung},
 isbn = {978-3-030-02613-4},
 language = {en},
 pages = {578--585},
 publisher = {{Springer International Publishing}},
 series = {Lecture {{Notes}} on {{Data Engineering}} and {{Communications Technologies}}},
 title = {Migration of {{Edge Computing Services}} in {{5G Networks}} \textendash{} {{Firewall}} as a {{Service Example}}},
 year = {2019}
}

@article{li2018accurate,
 author = {Li, W. and Wu, D. and Chang, R. K. C. and Mok, R. K. P.},
 doi = {10.1109/TMC.2017.2737990},
 issn = {1536-1233},
 journal = {IEEE Transactions on Mobile Computing},
 month = {mar},
 number = {3},
 pages = {717--732},
 title = {Toward {{Accurate Network Delay Measurement}} on {{Android Phones}}},
 volume = {17},
 year = {2018}
}

@inproceedings{li2018batteryfree,
 address = {{New York, NY, USA}},
 author = {Li, Tianxing and Zhou, Xia},
 booktitle = {Proceedings of the 24th {{Annual International Conference}} on {{Mobile Computing}} and {{Networking}}},
 doi = {10.1145/3241539.3241578},
 isbn = {978-1-4503-5903-0},
 pages = {67--82},
 publisher = {{ACM}},
 series = {{{MobiCom}} '18},
 title = {Battery-{{Free Eye Tracker}} on {{Glasses}}},
 year = {2018}
}

@inproceedings{li2018deep,
 author = {Li, H. and Gao, H. and Lv, T. and Lu, Y.},
 booktitle = {2018 {{IEEE International Conference}} on {{Communications Workshops}} ({{ICC Workshops}})},
 doi = {10.1109/ICCW.2018.8403505},
 month = {may},
 pages = {1--6},
 title = {Deep {{Q}}-{{Learning Based Dynamic Resource Allocation}} for {{Self}}-{{Powered Ultra}}-{{Dense Networks}}},
 year = {2018}
}

@inproceedings{li2018deepa,
 author = {Li, C. and Ma, X. and An, Z. and Xu, Y.},
 booktitle = {2018 {{IEEE}}/{{ACM Symposium}} on {{Edge Computing}} ({{SEC}})},
 doi = {10.1109/SEC.2018.00035},
 month = {oct},
 pages = {334--335},
 title = {A {{Deep Neural Network Compression Algorithm Based}} on {{Knowledge Transfer}} for {{Edge Device}}},
 year = {2018}
}

@inproceedings{li2018energyaware,
 author = {Li, Y. and Wang, S.},
 booktitle = {Proceedings of  {{IEEE International Conference}} on {{Edge Computing}} ({{EDGE}} 2018)},
 doi = {10.1109/EDGE.2018.00016},
 month = {jul},
 pages = {66--73},
 title = {An {{Energy}}-{{Aware Edge Server Placement Algorithm}} in {{Mobile Edge Computing}}},
 year = {2018}
}

@article{li2018joint,
 author = {Li, Yaodong and Chen, Lingyu and Shi, Haibin and Hong, Xuemin and Shi, Jianghong},
 copyright = {http://creativecommons.org/licenses/by/3.0/},
 doi = {10.3390/e20010064},
 journal = {Entropy},
 language = {en},
 month = {jan},
 number = {1},
 pages = {64},
 title = {Joint {{Content Recommendation}} and {{Delivery}} in {{Mobile Wireless Networks}} with {{Outage Management}}},
 volume = {20},
 year = {2018}
}

@article{li2018qoedriven,
 author = {Li, C. and Toni, L. and Zou, J. and Xiong, H. and Frossard, P.},
 doi = {10.1109/TMM.2017.2757761},
 issn = {1520-9210},
 journal = {IEEE Transactions on Multimedia},
 month = {apr},
 number = {4},
 pages = {965--984},
 title = {{{QoE}}-{{Driven Mobile Edge Caching Placement}} for {{Adaptive Video Streaming}}},
 volume = {20},
 year = {2018}
}

@inproceedings{li2019general,
 author = {Li, Chengzhang and Li, Shaoran and Hou, Y. Thomas},
 booktitle = {{{IEEE INFOCOM}} 2019 - {{IEEE Conference}} on {{Computer Communications}}},
 doi = {10.1109/INFOCOM.2019.8737437},
 issn = {0743-166X},
 month = {apr},
 pages = {118--126},
 title = {A {{General Model}} for {{Minimizing Age}} of {{Information}} at {{Network Edge}}},
 year = {2019}
}

@article{li2019qos,
 author = {Li, Qing and Wang, Shangguang and Yang, Fangchun},
 language = {en},
 pages = {12},
 title = {{{QoS Driven Task Offloading}} with {{Statistical Guarantee}} in {{Mobile Edge Computing}}},
 year = {2019}
}

@inproceedings{liang2017energyefficient,
 author = {Liang, C. and He, Y. and Yu, F. R. and Zhao, N.},
 booktitle = {2017 {{IEEE Conference}} on {{Computer Communications Workshops}} ({{INFOCOM WKSHPS}})},
 doi = {10.1109/INFCOMW.2017.8116363},
 month = {may},
 pages = {121--126},
 title = {Energy-Efficient Resource Allocation in Software-Defined Mobile Networks with Mobile Edge Computing and Caching},
 year = {2017}
}

@inproceedings{liang2019optimal,
 author = {Liang, Q. and Modiano, E.},
 booktitle = {{{IEEE INFOCOM}} 2019 - {{IEEE Conference}} on {{Computer Communications}}},
 doi = {10.1109/INFOCOM.2019.8737528},
 month = {apr},
 pages = {397--405},
 title = {Optimal {{Network Control}} in {{Partially}}-{{Controllable Networks}}},
 year = {2019}
}

@article{limobile,
 author = {Li, Jun and Wu, Anping and Chu, Shunfeng and Liu, Tingting and Shu, Feng},
 language = {en},
 pages = {6},
 title = {Mobile {{Edge Computing}} for {{Task Offloading}} in {{Small}}-{{Cell Networks}} via {{Belief Propagation}} (1570411306)}
}

@article{lin2019computation,
 author = {Lin, Li and Liao, Xiaofei and Jin, Hai and Li, Peng},
 doi = {10.1109/JPROC.2019.2922285},
 issn = {0018-9219, 1558-2256},
 journal = {Proceedings of the IEEE},
 month = {aug},
 number = {8},
 pages = {1584--1607},
 title = {Computation {{Offloading Toward Edge Computing}}},
 volume = {107},
 year = {2019}
}

@article{linew,
 author = {Li, Jiwei and Peng, Zhe and Xiao, Bin},
 language = {en},
 pages = {6},
 title = {New {{Mobility}}-{{Aware Application Offloading Design}} with {{Low Delay}} and {{Energy Efficiency}} (1570409378)}
}

@article{liu2014costaware,
 author = {Liu, Zhipiao and Wang, Shangguang and Sun, Qibo and Zou, Hua and Yang, Fangchun},
 doi = {10.1093/comjnl/bxt009},
 journal = {Comput. J.},
 pages = {291--301},
 title = {Cost-{{Aware Cloud Service Request Scheduling}} for {{SaaS Providers}}},
 volume = {57},
 year = {2014}
}

@inproceedings{liu2017demo,
 author = {Liu, Q. and Huang, S. and Deng, Y. and Han, T.},
 booktitle = {2017 {{IEEE Conference}} on {{Computer Communications Workshops}} ({{INFOCOM WKSHPS}})},
 doi = {10.1109/INFCOMW.2017.8116523},
 month = {may},
 pages = {986--987},
 shorttitle = {Demo Abstract},
 title = {Demo Abstract: {{MExR}}: {{Mobile}} Edge Resource Management for Mixed Reality Applications},
 year = {2017}
}

@article{liu2017dynamic,
 author = {Liu, J. and Lu, W. and Zhou, F. and Lu, P. and Zhu, Z.},
 doi = {10.1109/TNSM.2017.2711610},
 issn = {1932-4537},
 journal = {IEEE Transactions on Network and Service Management},
 month = {sep},
 number = {3},
 pages = {543--553},
 title = {On {{Dynamic Service Function Chain Deployment}} and {{Readjustment}}},
 volume = {14},
 year = {2017}
}

@inproceedings{liu2017edge,
 address = {{San Francisco, CA}},
 author = {Liu, Kaikai and Gurudutt, Abhishek and Kamaal, Tejeshwar and Divakara, Chinmayi and Prabhakaran, Praveen},
 booktitle = {2017 {{IEEE SmartWorld}}, {{Ubiquitous Intelligence}} \& {{Computing}}, {{Advanced}} \& {{Trusted Computed}}, {{Scalable Computing}} \& {{Communications}}, {{Cloud}} \& {{Big Data Computing}}, {{Internet}} of {{People}} and {{Smart City Innovation}} ({{SmartWorld}}/{{SCALCOM}}/{{UIC}}/{{ATC}}/{{CBDCom}}/{{IOP}}/{{SCI}})},
 doi = {10.1109/UIC-ATC.2017.8397448},
 isbn = {978-1-5386-0435-9},
 month = {aug},
 note = {解决边缘系统中ip管理等问题，值得参考},
 pages = {1--8},
 publisher = {{IEEE}},
 title = {Edge Computing Framework for Distributed Smart Applications},
 year = {2017}
}

@article{liu2018congestion,
 author = {Liu, J. and Yang, Q. and Simon, G.},
 doi = {10.1109/TNET.2018.2804979},
 issn = {1063-6692},
 journal = {IEEE/ACM Transactions on Networking},
 month = {apr},
 number = {2},
 pages = {851--863},
 title = {Congestion {{Avoidance}} and {{Load Balancing}} in {{Content Placement}} and {{Request Redirection}} for {{Mobile CDN}}},
 volume = {26},
 year = {2018}
}

@article{liu2018constraint,
 archiveprefix = {arXiv},
 author = {Liu, Tong and Callegati, Franco and Cerroni, Walter and Contoli, Chiara and Gabbrielli, Maurizio and Giallorenzo, Saverio},
 eprint = {1812.05534},
 eprinttype = {arxiv},
 journal = {arXiv:1812.05534 [cs]},
 month = {dec},
 primaryclass = {cs},
 title = {Constraint Programming for Flexible {{Service Function Chaining}} Deployment},
 year = {2018}
}

@article{liu2018deepnap,
 author = {Liu, J. and Krishnamachari, B. and Zhou, S. and Niu, Z.},
 doi = {10.1109/JIOT.2018.2846694},
 issn = {2327-4662},
 journal = {IEEE Internet of Things Journal},
 pages = {1--1},
 shorttitle = {{{DeepNap}}},
 title = {{{DeepNap}}: {{Data}}-{{Driven Base Station Sleeping Operations}} through {{Deep Reinforcement Learning}}},
 year = {2018}
}

@inproceedings{liu2018edge,
 author = {Liu, Q. and Huang, S. and Opadere, J. and Han, T.},
 booktitle = {{{IEEE INFOCOM}} 2018 - {{IEEE Conference}} on {{Computer Communications}}},
 doi = {10.1109/INFOCOM.2018.8486241},
 month = {apr},
 pages = {756--764},
 title = {An {{Edge Network Orchestrator}} for {{Mobile Augmented Reality}}},
 year = {2018}
}

@article{liu2018fast,
 author = {Liu, X. and Xie, X. and Zhao, X. and Wang, K. and Li, K. and Liu, A. X. and Guo, S. and Wu, J.},
 doi = {10.1109/TMC.2018.2793219},
 issn = {1536-1233},
 journal = {IEEE Transactions on Mobile Computing},
 month = {sep},
 number = {9},
 pages = {2041--2054},
 title = {Fast {{Identification}} of {{Blocked RFID Tags}}},
 volume = {17},
 year = {2018}
}

@article{liu2018learningbased,
 archiveprefix = {arXiv},
 author = {Liu, Dong and Yang, Chenyang},
 eprint = {1802.01414},
 eprinttype = {arxiv},
 journal = {arXiv:1802.01414 [cs]},
 month = {jan},
 primaryclass = {cs},
 title = {A {{Learning}}-Based {{Approach}} to {{Joint Content Caching}} and {{Recommendation}} at {{Base Stations}}},
 year = {2018}
}

@article{liu2018new,
 author = {Liu, C. and Cao, Y. and Luo, Y. and Chen, G. and Vokkarane, V. and Yunsheng, M. and Chen, S. and Hou, P.},
 doi = {10.1109/TSC.2017.2662008},
 issn = {1939-1374},
 journal = {IEEE Transactions on Services Computing},
 month = {mar},
 number = {2},
 pages = {249--261},
 title = {A {{New Deep Learning}}-{{Based Food Recognition System}} for {{Dietary Assessment}} on {{An Edge Computing Service Infrastructure}}},
 volume = {11},
 year = {2018}
}

@article{liu2019edge,
 author = {Liu, Shaoshan and Liu, Liangkai and Tang, Jie and Yu, Bo and Wang, Yifan and Shi, Weisong},
 doi = {10.1109/JPROC.2019.2915983},
 issn = {0018-9219, 1558-2256},
 journal = {Proceedings of the IEEE},
 month = {aug},
 number = {8},
 pages = {1697--1716},
 shorttitle = {Edge {{Computing}} for {{Autonomous Driving}}},
 title = {Edge {{Computing}} for {{Autonomous Driving}}: {{Opportunities}} and {{Challenges}}},
 volume = {107},
 year = {2019}
}

@inproceedings{liu2019edgea,
 address = {{Los Cabos, Mexico}},
 author = {Liu, Luyang and Li, Hongyu and Gruteser, Marco},
 booktitle = {The 25th {{Annual International Conference}} on {{Mobile Computing}} and {{Networking}}  - {{MobiCom}} '19},
 doi = {10.1145/3300061.3300116},
 isbn = {978-1-4503-6169-9},
 language = {en},
 pages = {1--16},
 publisher = {{ACM Press}},
 title = {Edge {{Assisted Real}}-Time {{Object Detection}} for {{Mobile Augmented Reality}}},
 year = {2019}
}

@article{liu2019emergent,
 archiveprefix = {arXiv},
 author = {Liu, Siqi and Lever, Guy and Merel, Josh and Tunyasuvunakool, Saran and Heess, Nicolas and Graepel, Thore},
 eprint = {1902.07151},
 eprinttype = {arxiv},
 journal = {arXiv:1902.07151 [cs]},
 month = {feb},
 primaryclass = {cs},
 title = {Emergent {{Coordination Through Competition}}},
 year = {2019}
}

@inproceedings{liu2019lime,
 address = {{Amherst, Massachusetts}},
 author = {Liu, Xing and Han, Bo and Qian, Feng and Varvello, Matteo},
 booktitle = {Proceedings of the 10th {{ACM Multimedia Systems Conference}}},
 doi = {10.1145/3304109.3306220},
 isbn = {978-1-4503-6297-9},
 pages = {154--164},
 publisher = {{ACM}},
 series = {{{MMSys}} '19},
 shorttitle = {{{LIME}}},
 title = {{{LIME}}: {{Understanding Commercial}} 360\textdegree{} {{Live Video Streaming Services}}},
 year = {2019}
}

@inproceedings{liu2019network,
 author = {Liu, Xiaoyu and Xu, Chi and Yu, Haibin},
 booktitle = {2019 11th {{International Conference}} on {{Wireless Communications}} and {{Signal Processing}} ({{WCSP}})},
 doi = {10.1109/WCSP.2019.8927901},
 issn = {2325-3746},
 month = {oct},
 pages = {1--7},
 title = {Network {{Calculus}}-Based {{Modeling}} of {{Time Sensitive Networking Shapers}} for {{Industrial Automation Networks}}},
 year = {2019}
}

@article{liu2019survey,
 author = {Liu, Fang and Tang, Guoming and Li, Youhuizi and Cai, Zhiping and Zhang, Xingzhou and Zhou, Tongqing},
 doi = {10.1109/JPROC.2019.2920341},
 issn = {0018-9219, 1558-2256},
 journal = {Proceedings of the IEEE},
 month = {aug},
 number = {8},
 pages = {1537--1562},
 title = {A {{Survey}} on {{Edge Computing Systems}} and {{Tools}}},
 volume = {107},
 year = {2019}
}

@inproceedings{liu2019virtualedge,
 author = {Liu, Qiang and Han, Tao},
 booktitle = {2019 {{IEEE}} 39th {{International Conference}} on {{Distributed Computing Systems}} ({{ICDCS}})},
 doi = {10.1109/ICDCS.2019.00108},
 issn = {2575-8411, 1063-6927},
 month = {jul},
 pages = {1051--1060},
 shorttitle = {{{VirtualEdge}}},
 title = {{{VirtualEdge}}: {{Multi}}-{{Domain Resource Orchestration}} and {{Virtualization}} in {{Cellular Edge Computing}}},
 year = {2019}
}

@article{long2018edge,
 author = {Long, C. and Cao, Y. and Jiang, T. and Zhang, Q.},
 doi = {10.1109/TMM.2017.2764330},
 issn = {1520-9210},
 journal = {IEEE Transactions on Multimedia},
 month = {may},
 number = {5},
 pages = {1126--1139},
 title = {Edge {{Computing Framework}} for {{Cooperative Video Processing}} in {{Multimedia IoT Systems}}},
 volume = {20},
 year = {2018}
}

@article{lu2015transfer,
 author = {Lu, Jie and Behbood, Vahid and Hao, Peng and Zuo, Hua and Xue, Shan and Zhang, Guangquan},
 doi = {10.1016/j.knosys.2015.01.010},
 issn = {0950-7051},
 journal = {Knowledge-Based Systems},
 month = {may},
 pages = {14--23},
 series = {25th Anniversary of {{Knowledge}}-{{Based Systems}}},
 shorttitle = {Transfer Learning Using Computational Intelligence},
 title = {Transfer Learning Using Computational Intelligence: {{A}} Survey},
 volume = {80},
 year = {2015}
}

@inproceedings{luo2019f3c,
 author = {Luo, Siqi and Chen, Xu and Zhou, Zhi},
 booktitle = {2019 {{IEEE}} 39th {{International Conference}} on {{Distributed Computing Systems}} ({{ICDCS}})},
 doi = {10.1109/ICDCS.2019.00105},
 issn = {2575-8411, 1063-6927},
 month = {jul},
 pages = {1019--1028},
 shorttitle = {{{F3C}}},
 title = {{{F3C}}: {{Fog}}-Enabled {{Joint Computation}}, {{Communication}} and {{Caching Resource Sharing}} for {{Energy}}-{{Efficient IoT Data Stream Processing}}},
 year = {2019}
}

@article{lv2018efficient,
 author = {Lv, C. and Jiang, W. and Hu, S. and Wang, J. and Lu, G. and Liu, Z.},
 doi = {10.1109/TSC.2015.2466544},
 issn = {1939-1374},
 journal = {IEEE Transactions on Services Computing},
 month = {jul},
 number = {4},
 pages = {630--643},
 title = {Efficient {{Dynamic Evolution}} of {{Service Composition}}},
 volume = {11},
 year = {2018}
}

@inproceedings{ma2017costefficient,
 author = {Ma, Xiao and Zhang, Shan and Li, Wenzhuo and Zhang, Puheng and Lin, Chuang and Shen, Xuemin},
 booktitle = {2017 {{IEEE}}/{{ACM}} 25th {{International Symposium}} on {{Quality}} of {{Service}} ({{IWQoS}})},
 doi = {10.1109/IWQoS.2017.7969148},
 issn = {null},
 month = {jun},
 pages = {1--10},
 title = {Cost-Efficient Workload Scheduling in {{Cloud Assisted Mobile Edge Computing}}},
 year = {2017}
}

@inproceedings{ma2017efficient,
 address = {{New York, NY, USA}},
 author = {Ma, Lele and Yi, Shanhe and Li, Qun},
 booktitle = {Proceedings of the {{Second ACM}}/{{IEEE Symposium}} on {{Edge Computing}}},
 doi = {10.1145/3132211.3134460},
 isbn = {978-1-4503-5087-7},
 pages = {11:1--11:13},
 publisher = {{ACM}},
 series = {{{SEC}} '17},
 title = {Efficient {{Service Handoff Across Edge Servers}} via {{Docker Container Migration}}},
 year = {2017}
}

@article{ma2019efficient,
 author = {Ma, Lele and Yi, Shanhe and Carter, Nancy and Li, Qun},
 doi = {10.1109/TMC.2018.2871842},
 issn = {2161-9875},
 journal = {IEEE Transactions on Mobile Computing},
 month = {sep},
 number = {9},
 pages = {2020--2033},
 title = {Efficient {{Live Migration}} of {{Edge Services Leveraging Container Layered Storage}}},
 volume = {18},
 year = {2019}
}

@article{machen2018live,
 author = {Machen, A. and Wang, S. and Leung, K. K. and Ko, B. J. and Salonidis, T.},
 doi = {10.1109/MWC.2017.1700011},
 issn = {1536-1284},
 journal = {IEEE Wireless Communications},
 month = {feb},
 number = {1},
 pages = {140--147},
 title = {Live {{Service Migration}} in {{Mobile Edge Clouds}}},
 volume = {25},
 year = {2018}
}

@inproceedings{maheshwari2018trafficaware,
 author = {Maheshwari, S. and Choudhury, S. and Seskar, I. and Raychaudhuri, D.},
 booktitle = {2018 {{IEEE International Conference}} on {{Advanced Networks}} and {{Telecommunications Systems}} ({{ANTS}})},
 doi = {10.1109/ANTS.2018.8710163},
 month = {dec},
 pages = {1--6},
 title = {Traffic-{{Aware Dynamic Container Migration}} for {{Real}}-{{Time Support}} in {{Mobile Edge Clouds}}},
 year = {2018}
}

@article{mamaxiaoinfocom2019,
 author = {Ma, Xiao and Zhou, Ao and Zhang, Shan and Wang, Shangguang},
 language = {en},
 pages = {10},
 title = {马骁infocom2019}
}

@article{mao2016dynamic,
 author = {Mao, Y. and Zhang, J. and Letaief, K. B.},
 doi = {10.1109/JSAC.2016.2611964},
 issn = {0733-8716},
 journal = {IEEE Journal on Selected Areas in Communications},
 month = {dec},
 number = {12},
 pages = {3590--3605},
 title = {Dynamic {{Computation Offloading}} for {{Mobile}}-{{Edge Computing With Energy Harvesting Devices}}},
 volume = {34},
 year = {2016}
}

@article{mayer2018restful,
 author = {Mayer, Georg and {3GPP CT Chairman, Huawei, Vienna, Austria}},
 doi = {10.13052/jicts2245-800X.617},
 issn = {2245-800X},
 journal = {Journal of ICT Standardization},
 language = {en},
 number = {1},
 pages = {101--116},
 title = {{{RESTful APIs}} for the {{5G ServiceBased Architecture}}},
 volume = {6},
 year = {2018}
}

@inproceedings{mcchesney2019defog,
 address = {{Arlington, Virginia}},
 author = {McChesney, Jonathan and Wang, Nan and Tanwer, Ashish and {de Lara}, Eyal and Varghese, Blesson},
 booktitle = {Proceedings of the 4th {{ACM}}/{{IEEE Symposium}} on {{Edge Computing}}},
 doi = {10.1145/3318216.3363299},
 isbn = {978-1-4503-6733-2},
 pages = {47--58},
 publisher = {{ACM}},
 series = {{{SEC}} '19},
 shorttitle = {{{DeFog}}},
 title = {{{DeFog}}: {{Fog Computing Benchmarks}}},
 year = {2019}
}

@article{meca,
 language = {en},
 pages = {24},
 title = {{{MEC Deployments}} in {{4G}} and {{Evolution Towards 5G}}}
}

@article{medhat2017service,
 author = {Medhat, A. M. and Taleb, T. and Elmangoush, A. and Carella, G. A. and Covaci, S. and Magedanz, T.},
 doi = {10.1109/MCOM.2016.1600219RP},
 issn = {0163-6804},
 journal = {IEEE Communications Magazine},
 month = {feb},
 number = {2},
 pages = {216--223},
 shorttitle = {Service {{Function Chaining}} in {{Next Generation Networks}}},
 title = {Service {{Function Chaining}} in {{Next Generation Networks}}: {{State}} of the {{Art}} and {{Research Challenges}}},
 volume = {55},
 year = {2017}
}

@inproceedings{meng2017cloudlet,
 author = {Meng, J. and Shi, W. and Tan, H. and Li, X.},
 booktitle = {Proceedings of  the 3rd {{International Conference}} on {{Big Data Computing}} and {{Communications}} ({{BIGCOM}} 2017)},
 doi = {10.1109/BIGCOM.2017.58},
 month = {aug},
 pages = {297--304},
 title = {Cloudlet {{Placement}} and {{Minimum}}-{{Delay Routing}} in {{Cloudlet Computing}}},
 year = {2017}
}

@article{meskar2017energy,
 author = {Meskar, E. and Todd, T. D. and Zhao, D. and Karakostas, G.},
 doi = {10.1109/TMC.2016.2538227},
 issn = {1536-1233},
 journal = {IEEE Transactions on Mobile Computing},
 month = {jan},
 number = {1},
 pages = {87--96},
 title = {Energy {{Aware Offloading}} for {{Competing Users}} on a {{Shared Communication Channel}}},
 volume = {16},
 year = {2017}
}

@inproceedings{mesodiakaki2014energy,
 author = {Mesodiakaki, A. and Adelantado, F. and Antonopoulos, A. and Kartsakli, E. and Alonso, L. and Verikoukis, C.},
 booktitle = {2014 {{IEEE}} 19th {{International Workshop}} on {{Computer Aided Modeling}} and {{Design}} of {{Communication Links}} and {{Networks}} ({{CAMAD}})},
 doi = {10.1109/CAMAD.2014.7033196},
 month = {dec},
 pages = {11--15},
 title = {Energy Impact of Outdoor Small Cell Backhaul in Green Heterogeneous Networks},
 year = {2014}
}

@article{michiardi2018cachebased,
 archiveprefix = {arXiv},
 author = {Michiardi, Pietro and Carra, Damiano and Migliorini, Sara},
 eprint = {1805.08650},
 eprinttype = {arxiv},
 journal = {arXiv:1805.08650 [cs]},
 month = {may},
 primaryclass = {cs},
 title = {Cache-Based {{Multi}}-Query {{Optimization}} for {{Data}}-Intensive {{Scalable Computing Frameworks}}},
 year = {2018}
}

@article{mixed,
 language = {en},
 pages = {7},
 title = {Mixed {{Integer Programming}}}
}

@article{mnih2013playing,
 archiveprefix = {arXiv},
 author = {Mnih, Volodymyr and Kavukcuoglu, Koray and Silver, David and Graves, Alex and Antonoglou, Ioannis and Wierstra, Daan and Riedmiller, Martin},
 eprint = {1312.5602},
 eprinttype = {arxiv},
 journal = {arXiv:1312.5602 [cs]},
 month = {dec},
 primaryclass = {cs},
 title = {Playing {{Atari}} with {{Deep Reinforcement Learning}}},
 year = {2013}
}

@article{mnih2015humanlevel,
 author = {Mnih, Volodymyr and Kavukcuoglu, Koray and Silver, David and Rusu, Andrei A. and Veness, Joel and Bellemare, Marc G. and Graves, Alex and Riedmiller, Martin and Fidjeland, Andreas K. and Ostrovski, Georg and Petersen, Stig and Beattie, Charles and Sadik, Amir and Antonoglou, Ioannis and King, Helen and Kumaran, Dharshan and Wierstra, Daan and Legg, Shane and Hassabis, Demis},
 doi = {10.1038/nature14236},
 issn = {0028-0836, 1476-4687},
 journal = {Nature},
 language = {en},
 month = {feb},
 number = {7540},
 pages = {529--533},
 title = {Human-Level Control through Deep Reinforcement Learning},
 volume = {518},
 year = {2015}
}

@inproceedings{mohan2018anveshak,
 address = {{New York, NY, USA}},
 author = {Mohan, Nitinder and Zavodovski, Aleksandr and Zhou, Pengyuan and Kangasharju, Jussi},
 booktitle = {Proceedings of the 2018 {{Workshop}} on {{Mobile Edge Communications}}},
 doi = {10.1145/3229556.3229560},
 isbn = {978-1-4503-5906-1},
 pages = {7--12},
 publisher = {{ACM}},
 series = {{{MECOMM}}'18},
 shorttitle = {Anveshak},
 title = {Anveshak: {{Placing Edge Servers In The Wild}}},
 year = {2018}
}

@inproceedings{mondal2018ccompassion,
 author = {Mondal, S. and Das, G. and Wong, E.},
 booktitle = {{{IEEE INFOCOM}} 2018 - {{IEEE Conference}} on {{Computer Communications}}},
 doi = {10.1109/INFOCOM.2018.8485846},
 month = {apr},
 pages = {216--224},
 shorttitle = {{{CCOMPASSION}}},
 title = {{{CCOMPASSION}}: {{A Hybrid Cloudlet Placement Framework Over Passive Optical Access Networks}}},
 year = {2018}
}

@article{mondal2019costoptimal,
 author = {Mondal, Sourav and Das, Goutam and Wong, Elaine},
 doi = {10.1016/j.jnca.2019.04.014},
 issn = {1084-8045},
 journal = {Journal of Network and Computer Applications},
 month = {jul},
 pages = {27--38},
 title = {Cost-Optimal Cloudlet Placement Frameworks over Fiber-Wireless Access Networks for Low-Latency Applications},
 volume = {138},
 year = {2019}
}

@article{moura2019game,
 author = {Moura, J. and Hutchison, D.},
 doi = {10.1109/COMST.2018.2863030},
 journal = {IEEE Communications Surveys Tutorials},
 number = {1},
 pages = {260--288},
 shorttitle = {Game {{Theory}} for {{Multi}}-{{Access Edge Computing}}},
 title = {Game {{Theory}} for {{Multi}}-{{Access Edge Computing}}: {{Survey}}, {{Use Cases}}, and {{Future Trends}}},
 volume = {21},
 year = {Firstquarter 2019}
}

@article{muller2014comprehensive,
 author = {M{\"u}ller, C. and Oriol, M. and Franch, X. and Marco, J. and Resinas, M. and {Ruiz-Cort{\'e}s}, A. and Rodr{\'i}guez, M.},
 doi = {10.1109/TSC.2013.45},
 issn = {1939-1374},
 journal = {IEEE Transactions on Services Computing},
 month = {apr},
 number = {2},
 pages = {168--183},
 title = {Comprehensive {{Explanation}} of {{SLA Violations}} at {{Runtime}}},
 volume = {7},
 year = {2014}
}

@article{murray2011skillful,
 doi = {10.1021/ac2000169},
 editor = {Murray, Royce},
 issn = {0003-2700, 1520-6882},
 journal = {Analytical Chemistry},
 language = {en},
 month = {feb},
 number = {3},
 pages = {633--633},
 title = {Skillful Writing of an Awful Research Paper},
 volume = {83},
 year = {2011}
}

@article{mustafareductions,
 author = {Mustafa, Nabil},
 language = {en},
 pages = {121},
 title = {Reductions to {{Prove NP Hardness}}}
}

@inproceedings{naghizadeh2019hurts,
 author = {Naghizadeh, P. and Gorlatova, M. and Lan, A. S. and Chiang, M.},
 booktitle = {{{IEEE INFOCOM}} 2019 - {{IEEE Conference}} on {{Computer Communications}}},
 doi = {10.1109/INFOCOM.2019.8737652},
 month = {apr},
 pages = {622--630},
 shorttitle = {Hurts to {{Be Too Early}}},
 title = {Hurts to {{Be Too Early}}: {{Benefits}} and {{Drawbacks}} of {{Communication}} in {{Multi}}-{{Agent Learning}}},
 year = {2019}
}

@article{naserian2018framework,
 author = {Naserian, E. and Wang, X. and Xu, X. and Dong, Y.},
 doi = {10.1109/TMC.2018.2813369},
 issn = {1536-1233},
 journal = {IEEE Transactions on Mobile Computing},
 month = {nov},
 number = {11},
 pages = {2497--2511},
 title = {A {{Framework}} of {{Loose Travelling Companion Discovery}} from {{Human Trajectories}}},
 volume = {17},
 year = {2018}
}

@article{nasrinsharedmec,
 author = {Nasrin, Wahida and Xie, Jiang},
 language = {en},
 pages = {6},
 title = {{{SharedMEC}}: {{Sharing Clouds}} to {{Support User Mobility}} in {{Mobile Edge Computing}} (1570407482)}
}

@article{neglia2018cache,
 author = {Neglia, G. and Carra, D. and Michiardi, P.},
 doi = {10.1109/TNET.2017.2783623},
 issn = {1063-6692},
 journal = {IEEE/ACM Transactions on Networking},
 month = {feb},
 number = {1},
 pages = {302--313},
 title = {Cache {{Policies}} for {{Linear Utility Maximization}}},
 volume = {26},
 year = {2018}
}

@article{neidhardtcloud,
 author = {Neidhardt, Nils and K{\"o}hler, Carsten and N{\"u}ttgens, Markus},
 language = {en},
 pages = {5},
 title = {Cloud {{Service Billing}} and {{Service Level Agreement Monitoring}} Based on {{Blockchain}}}
}

@article{nemeth2005network,
 author = {N{\'e}meth, F. and Barta, P. and Szab{\'o}, R. and B{\'i}r{\'o}, J.},
 doi = {10.1016/j.comnet.2004.11.022},
 issn = {1389-1286},
 journal = {Computer Networks},
 language = {en},
 month = {aug},
 number = {6},
 pages = {910--940},
 title = {Network Internal Traffic Characterization and End-to-End Delay Bound Calculus for Generalized Processor Sharing Scheduling Discipline},
 volume = {48},
 year = {2005}
}

@article{nesher2014selfrecognition,
 author = {Nesher, Nir and Levy, Guy and Grasso, Frank W. and Hochner, Binyamin},
 doi = {10.1016/j.cub.2014.04.024},
 issn = {09609822},
 journal = {Current Biology},
 language = {en},
 month = {jun},
 number = {11},
 pages = {1271--1275},
 title = {Self-{{Recognition Mechanism}} between {{Skin}} and {{Suckers Prevents Octopus Arms}} from {{Interfering}} with {{Each Other}}},
 volume = {24},
 year = {2014}
}

@article{neto2018uloof,
 author = {Neto, J. L. D. and Yu, S. and Macedo, D. F. and Nogueira, J. M. S. and Langar, R. and Secci, S.},
 doi = {10.1109/TMC.2018.2815015},
 issn = {1536-1233},
 journal = {IEEE Transactions on Mobile Computing},
 month = {nov},
 number = {11},
 pages = {2660--2674},
 shorttitle = {{{ULOOF}}},
 title = {{{ULOOF}}: {{A User Level Online Offloading Framework}} for {{Mobile Edge Computing}}},
 volume = {17},
 year = {2018}
}

@inproceedings{ngatchou2005pareto,
 author = {Ngatchou, P. and Zarei, A. and {El-Sharkawi}, A.},
 booktitle = {Proceedings of the 13th {{International Conference}} on, {{Intelligent Systems Application}} to {{Power Systems}}},
 doi = {10.1109/ISAP.2005.1599245},
 month = {nov},
 pages = {84--91},
 title = {Pareto {{Multi Objective Optimization}}},
 year = {2005}
}

@inproceedings{nguyen2019why,
 address = {{Arlington, Virginia}},
 author = {Nguyen, Chanh and Mehta, Amardeep and Klein, Cristian and Elmroth, Erik},
 booktitle = {Proceedings of the 4th {{ACM}}/{{IEEE Symposium}} on {{Edge Computing}}},
 doi = {10.1145/3318216.3363298},
 isbn = {978-1-4503-6733-2},
 pages = {250--263},
 publisher = {{ACM}},
 series = {{{SEC}} '19},
 title = {Why {{Cloud Applications Are Not Ready}} for the {{Edge}} ({{Yet}})},
 year = {2019}
}

@inproceedings{niu2019making,
 author = {Niu, C. and Zheng, Z. and Tang, S. and Gao, X. and Wu, F.},
 booktitle = {{{IEEE INFOCOM}} 2019 - {{IEEE Conference}} on {{Computer Communications}}},
 doi = {10.1109/INFOCOM.2019.8737579},
 month = {apr},
 pages = {568--576},
 shorttitle = {Making {{Big Money}} from {{Small Sensors}}},
 title = {Making {{Big Money}} from {{Small Sensors}}: {{Trading Time}}-{{Series Data}} under {{Pufferfish Privacy}}},
 year = {2019}
}

@inproceedings{nuaimi2016predicting,
 author = {Nuaimi, E. A. and Marzooqi, S. A. and Zaki, N.},
 booktitle = {2016 3rd {{MEC International Conference}} on {{Big Data}} and {{Smart City}} ({{ICBDSC}})},
 doi = {10.1109/ICBDSC.2016.7460387},
 month = {mar},
 pages = {1--6},
 title = {Predicting the Decision for the Provision of Municipal Services Using Data Mining Approaches},
 year = {2016}
}

@article{offutt2016editorial,
 author = {Offutt, Jeff},
 copyright = {Copyright \textcopyright{} 2016 John Wiley \& Sons, Ltd.},
 doi = {10.1002/stvr.1623},
 issn = {1099-1689},
 journal = {Software Testing, Verification and Reliability},
 language = {en},
 number = {7},
 pages = {496--497},
 shorttitle = {Editorial},
 title = {Editorial: {{How}} to Extend a Conference Paper to a Journal Paper},
 volume = {26},
 year = {2016}
}

@inproceedings{ossenkopf2019longhorizon,
 address = {{Prague, Czech Republic}},
 author = {Ossenkopf, Marie and Castro, Gaston and Pessacg, Facundo and Geihs, Kurt and De Cristoforis, Pablo},
 booktitle = {2019 {{European Conference}} on {{Mobile Robots}} ({{ECMR}})},
 doi = {10.1109/ECMR.2019.8870952},
 isbn = {978-1-72813-605-9},
 language = {en},
 month = {sep},
 pages = {1--6},
 publisher = {{IEEE}},
 title = {Long-{{Horizon Active SLAM}} System for Multi-Agent Coordinated Exploration},
 year = {2019}
}

@article{ouyang2018follow,
 author = {Ouyang, T. and Zhou, Z. and Chen, X.},
 doi = {10.1109/JSAC.2018.2869954},
 issn = {0733-8716},
 journal = {IEEE Journal on Selected Areas in Communications},
 month = {oct},
 number = {10},
 pages = {2333--2345},
 shorttitle = {Follow {{Me}} at the {{Edge}}},
 title = {Follow {{Me}} at the {{Edge}}: {{Mobility}}-{{Aware Dynamic Service Placement}} for {{Mobile Edge Computing}}},
 volume = {36},
 year = {2018}
}

@inproceedings{ouyang2019adaptive,
 author = {Ouyang, T. and Li, R. and Chen, X. and Zhou, Z. and Tang, X.},
 booktitle = {{{IEEE INFOCOM}} 2019 - {{IEEE Conference}} on {{Computer Communications}}},
 doi = {10.1109/INFOCOM.2019.8737560},
 month = {apr},
 pages = {1468--1476},
 shorttitle = {Adaptive {{User}}-Managed {{Service Placement}} for {{Mobile Edge Computing}}},
 title = {Adaptive {{User}}-Managed {{Service Placement}} for {{Mobile Edge Computing}}: {{An Online Learning Approach}}},
 year = {2019}
}

@article{palacios2015coveragebased,
 author = {Palacios, M. and {Garc{\'i}a-Fanjul}, J. and Tuya, J. and Spanoudakis, G.},
 doi = {10.1109/TSC.2014.2300486},
 issn = {1939-1374},
 journal = {IEEE Transactions on Services Computing},
 month = {mar},
 number = {2},
 pages = {299--313},
 title = {Coverage-{{Based Testing}} for {{Service Level Agreements}}},
 volume = {8},
 year = {2015}
}

@article{pan2010survey,
 author = {Pan, S. J. and Yang, Q.},
 doi = {10.1109/TKDE.2009.191},
 issn = {1041-4347},
 journal = {IEEE Transactions on Knowledge and Data Engineering},
 month = {oct},
 number = {10},
 pages = {1345--1359},
 title = {A {{Survey}} on {{Transfer Learning}}},
 volume = {22},
 year = {2010}
}

@inproceedings{pandit2004network,
 author = {Pandit, K. and Schmittt, J. and Steinmetz, R.},
 booktitle = {Twelfth {{IEEE International Workshop}} on {{Quality}} of {{Service}}, 2004. {{IWQOS}} 2004.},
 doi = {10.1109/IWQOS.2004.1309365},
 issn = {null},
 month = {jun},
 pages = {114--120},
 title = {Network Calculus Meets Queueing Theory -a Simulation Based Approach to Bounded Queues},
 year = {2004}
}

@inproceedings{parada2018multiaccess,
 author = {Parada, C. and Fontes, F. and Marques, C. and Cunha, V. and Leit{\~a}o, C.},
 booktitle = {2018 {{European Conference}} on {{Networks}} and {{Communications}} ({{EuCNC}})},
 doi = {10.1109/EuCNC.2018.8442492},
 month = {jun},
 pages = {277--9},
 shorttitle = {Multi-{{Access Edge Computing}}},
 title = {Multi-{{Access Edge Computing}}: {{A 5G Technology}}},
 year = {2018}
}

@article{parvez2018survey,
 author = {Parvez, I. and Rahmati, A. and Guvenc, I. and Sarwat, A. I. and Dai, H.},
 doi = {10.1109/COMST.2018.2841349},
 issn = {1553-877X},
 journal = {IEEE Communications Surveys Tutorials},
 number = {4},
 pages = {3098--3130},
 shorttitle = {A {{Survey}} on {{Low Latency Towards 5G}}},
 title = {A {{Survey}} on {{Low Latency Towards 5G}}: {{RAN}}, {{Core Network}} and {{Caching Solutions}}},
 volume = {20},
 year = {Fourthquarter 2018}
}

@inproceedings{pasteris2019service,
 author = {Pasteris, S. and Wang, S. and Herbster, M. and He, T.},
 booktitle = {{{IEEE INFOCOM}} 2019 - {{IEEE Conference}} on {{Computer Communications}}},
 doi = {10.1109/INFOCOM.2019.8737449},
 month = {apr},
 pages = {514--522},
 title = {Service {{Placement}} with {{Provable Guarantees}} in {{Heterogeneous Edge Computing Systems}}},
 year = {2019}
}

@article{patelmobile,
 author = {Patel, Milan and Sabella, Dario and Sprecher, Nurit and Young, Valerie},
 language = {en},
 pages = {16},
 title = {Mobile {{Edge Computing}}  {{A}} Key Technology towards {{5G}}}
}

@article{perello2016joint,
 author = {Perell{\'o}, Jordi and Walkowiak, Krzysztof and Klinkowski, Miros{\l}aw and Spadaro, Salvatore and Careglio, Davide},
 doi = {10.1016/j.comcom.2015.12.002},
 issn = {0140-3664},
 journal = {Computer Communications},
 month = {mar},
 pages = {72--84},
 title = {Joint Content Placement and Lightpath Routing and Spectrum Assignment in {{CDNs}} over Elastic Optical Network Scenarios},
 volume = {77},
 year = {2016}
}

@inproceedings{peres2019distributeda,
 author = {Peres, B. and Souza, O. A. d O. and Goussevskaia, O. and Avin, C. and Schmid, S.},
 booktitle = {{{IEEE INFOCOM}} 2019 - {{IEEE Conference}} on {{Computer Communications}}},
 doi = {10.1109/INFOCOM.2019.8737417},
 month = {apr},
 pages = {145--153},
 title = {Distributed {{Self}}-{{Adjusting Tree Networks}}},
 year = {2019}
}

@article{peterson5g,
 author = {Peterson, Sunay},
 language = {en},
 pages = {52},
 title = {{{5G Mobile Networks}}: {{A Systems Approach}}}
}

@article{pham2017trafficaware,
 author = {Pham, Chuan and Tran, Nguyen H. and Ren, Shaolei and Saad, Walid and Hong, Choong Seon},
 doi = {10.1109/TSC.2017.2671867},
 issn = {1939-1374},
 journal = {IEEE Transactions on Services Computing},
 language = {en},
 pages = {1--1},
 shorttitle = {Traffic-Aware and {{Energy}}-Efficient {{vNF Placement}} for {{Service Chaining}}},
 title = {Traffic-Aware and {{Energy}}-Efficient {{vNF Placement}} for {{Service Chaining}}: {{Joint Sampling}} and {{Matching Approach}}},
 year = {2017}
}

@article{plachy2016path,
 author = {Plachy, Jan and Becvar, Zdenek and Mach, Pavel},
 doi = {10.1016/j.comnet.2016.09.005},
 issn = {1389-1286},
 journal = {Computer Networks},
 month = {oct},
 pages = {357--370},
 title = {Path Selection Enabling User Mobility and Efficient Distribution of Data for Computation at the Edge of Mobile Network},
 volume = {108},
 year = {2016}
}

@inproceedings{poularakis2019joint,
 author = {Poularakis, K. and Llorca, J. and Tulino, A. M. and Taylor, I. and Tassiulas, L.},
 booktitle = {{{IEEE INFOCOM}} 2019 - {{IEEE Conference}} on {{Computer Communications}}},
 doi = {10.1109/INFOCOM.2019.8737385},
 month = {apr},
 pages = {10--18},
 title = {Joint {{Service Placement}} and {{Request Routing}} in {{Multi}}-Cell {{Mobile Edge Computing Networks}}},
 year = {2019}
}

@inproceedings{premsankar2018efficient,
 author = {Premsankar, G. and Ghaddar, B. and Francesco, M. Di and Verago, R.},
 booktitle = {{{NOMS}} 2018 - 2018 {{IEEE}}/{{IFIP Network Operations}} and {{Management Symposium}}},
 doi = {10.1109/NOMS.2018.8406256},
 month = {apr},
 pages = {1--9},
 title = {Efficient Placement of Edge Computing Devices for Vehicular Applications in Smart Cities},
 year = {2018}
}

@inproceedings{psomas2017cooperative,
 author = {Psomas, C. and Zheng, G. and Krikidis, I.},
 booktitle = {2017 {{IEEE International Conference}} on {{Communications}} ({{ICC}})},
 doi = {10.1109/ICC.2017.7997305},
 month = {may},
 pages = {1--5},
 title = {Cooperative Wireless Edge Caching with Relay Selection},
 year = {2017}
}

@article{pu2018online,
 author = {Pu, L. and Jiao, L. and Chen, X. and Wang, L. and Xie, Q. and Xu, J.},
 doi = {10.1109/JSAC.2018.2844624},
 issn = {0733-8716},
 journal = {IEEE Journal on Selected Areas in Communications},
 month = {aug},
 number = {8},
 pages = {1751--1767},
 title = {Online {{Resource Allocation}}, {{Content Placement}} and {{Request Routing}} for {{Cost}}-{{Efficient Edge Caching}} in {{Cloud Radio Access Networks}}},
 volume = {36},
 year = {2018}
}

@inproceedings{puliafito2018companion,
 author = {Puliafito, C. and Mingozzi, E. and Vallati, C. and Longo, F. and Merlino, G.},
 booktitle = {2018 {{IEEE International Conference}} on {{Smart Computing}} ({{SMARTCOMP}})},
 doi = {10.1109/SMARTCOMP.2018.00079},
 month = {jun},
 pages = {97--105},
 shorttitle = {Companion {{Fog Computing}}},
 title = {Companion {{Fog Computing}}: {{Supporting Things Mobility Through Container Migration}} at the {{Edge}}},
 year = {2018}
}

@inproceedings{puliafito2018virtualization,
 author = {Puliafito, C. and Mingozzi, E. and Vallati, C. and Longo, F. and Merlino, G.},
 booktitle = {2018 {{IEEE International Conference}} on {{Smart Computing}} ({{SMARTCOMP}})},
 doi = {10.1109/SMARTCOMP.2018.00031},
 month = {jun},
 pages = {368--374},
 shorttitle = {Virtualization and {{Migration}} at the {{Network Edge}}},
 title = {Virtualization and {{Migration}} at the {{Network Edge}}: {{An Overview}}},
 year = {2018}
}

@article{puliafito2019container,
 author = {Puliafito, Carlo and Vallati, Carlo and Mingozzi, Enzo and Merlino, Giovanni and Longo, Francesco and Puliafito, Antonio},
 copyright = {http://creativecommons.org/licenses/by/3.0/},
 doi = {10.3390/s19071488},
 journal = {Sensors},
 language = {en},
 month = {jan},
 number = {7},
 pages = {1488},
 shorttitle = {Container {{Migration}} in the {{Fog}}},
 title = {Container {{Migration}} in the {{Fog}}: {{A Performance Evaluation}}},
 volume = {19},
 year = {2019}
}

@article{qi2016integrated,
 author = {Qi, Qi and Liao, Jianxin and Wang, Jingyu and Wang, Jing and Li, Qi and Cao, Yufei},
 doi = {10.1007/s11277-016-3210-3},
 issn = {1572-834X},
 journal = {Wireless Personal Communications},
 language = {en},
 month = {mar},
 number = {2},
 pages = {593--614},
 title = {Integrated {{Multi}}-Service {{Handoff Mechanism}} with {{QoS}}-{{Support Strategy}} in {{Mobile Cloud Computing}}},
 volume = {87},
 year = {2016}
}

@article{qi2018construction,
 author = {Qi, W. and Ding, W. and Wang, X. and Jiang, Y. and Xu, Y. and Wang, J. and Lu, K.},
 doi = {10.1109/TMC.2017.2696945},
 issn = {1536-1233},
 journal = {IEEE Transactions on Mobile Computing},
 month = {jan},
 number = {1},
 pages = {44--57},
 title = {Construction and {{Mitigation}} of {{User}}-{{Behavior}}-{{Based Covert Channels}} on {{Smartphones}}},
 volume = {17},
 year = {2018}
}

@inproceedings{qin2018sdn,
 author = {Qin, Q. and Poularakis, K. and Iosifidis, G. and Tassiulas, L.},
 booktitle = {{{IEEE INFOCOM}} 2018 - {{IEEE Conference}} on {{Computer Communications}}},
 doi = {10.1109/INFOCOM.2018.8485963},
 month = {apr},
 pages = {684--692},
 shorttitle = {{{SDN Controller Placement}} at the {{Edge}}},
 title = {{{SDN Controller Placement}} at the {{Edge}}: {{Optimizing Delay}} and {{Overheads}}},
 year = {2018}
}

@article{qiu2018rppm,
 author = {Qiu, Z. and Hu, W. and Du, B.},
 doi = {10.1109/TMC.2018.2813392},
 issn = {1536-1233},
 journal = {IEEE Transactions on Mobile Computing},
 month = {nov},
 number = {11},
 pages = {2619--2631},
 shorttitle = {{{RPPM}}},
 title = {{{RPPM}}: {{A Request Pre}}-{{Processing Method}} for {{Real}}-{{Time On}}-{{Demand Data Broadcast Scheduling}}},
 volume = {17},
 year = {2018}
}

@inproceedings{qu2019delayaware,
 author = {Qu, Kaige and Zhuang, Weihua and Ye, Qiang and Shen, Xuemin and Li, Xu and Rao, Jaya},
 booktitle = {{{ICC}} 2019 - 2019 {{IEEE International Conference}} on {{Communications}} ({{ICC}})},
 doi = {10.1109/ICC.2019.8761451},
 issn = {1550-3607},
 month = {may},
 pages = {1--6},
 title = {Delay-{{Aware Flow Migration}} for {{Embedded Services}} in {{5G Core Networks}}},
 year = {2019}
}

@inproceedings{rahmati2019dynamic,
 author = {Rahmati, Ali and He, Xiaofan and Guvenc, Ismail and Dai, Huaiyu},
 booktitle = {{{IEEE INFOCOM}} 2019 - {{IEEE Conference}} on {{Computer Communications}}},
 doi = {10.1109/INFOCOM.2019.8737472},
 issn = {0743-166X},
 month = {apr},
 pages = {595--603},
 title = {Dynamic {{Mobility}}-{{Aware Interference Avoidance}} for {{Aerial Base Stations}} in {{Cognitive Radio Networks}}},
 year = {2019}
}

@inproceedings{ramaswamy2005cache,
 author = {Ramaswamy, L. and Liu, Ling and Iyengar, A.},
 booktitle = {25th {{IEEE International Conference}} on {{Distributed Computing Systems}} ({{ICDCS}}'05)},
 doi = {10.1109/ICDCS.2005.16},
 month = {jun},
 pages = {229--238},
 shorttitle = {Cache {{Clouds}}},
 title = {Cache {{Clouds}}: {{Cooperative Caching}} of {{Dynamic Documents}} in {{Edge Networks}}},
 year = {2005}
}

@inproceedings{ran2018deepdecision,
 author = {Ran, X. and Chen, H. and Zhu, X. and Liu, Z. and Chen, J.},
 booktitle = {{{IEEE INFOCOM}} 2018 - {{IEEE Conference}} on {{Computer Communications}}},
 doi = {10.1109/INFOCOM.2018.8485905},
 month = {apr},
 pages = {1421--1429},
 shorttitle = {{{DeepDecision}}},
 title = {{{DeepDecision}}: {{A Mobile Deep Learning Framework}} for {{Edge Video Analytics}}},
 year = {2018}
}

@article{rejiba2019survey,
 author = {Rejiba, Zeineb and {Masip-Bruin}, Xavier and {Mar{\'i}n-Tordera}, Eva},
 doi = {10.1145/3326540},
 issn = {0360-0300},
 journal = {ACM Comput. Surv.},
 month = {sep},
 number = {5},
 pages = {90:1--90:33},
 title = {A {{Survey}} on {{Mobility}}-{{Induced Service Migration}} in the {{Fog}}, {{Edge}}, and {{Related Computing Paradigms}}},
 volume = {52},
 year = {2019}
}

@inproceedings{ren2018lowcost,
 author = {Ren, Y. and Zeng, F. and Li, W. and Meng, L.},
 booktitle = {2018 27th {{International Conference}} on {{Computer Communication}} and {{Networks}} ({{ICCCN}})},
 doi = {10.1109/ICCCN.2018.8487438},
 month = {jul},
 pages = {1--6},
 title = {A {{Low}}-{{Cost Edge Server Placement Strategy}} in {{Wireless Metropolitan Area Networks}}},
 year = {2018}
}

@article{resource,
 language = {en},
 pages = {6},
 title = {Resource {{Allocation Mechanism}} for a {{Fog}}-{{Cloud Infrastructure}} (1570408532)}
}

@article{reznikcloud,
 author = {Reznik, Alex and Murillo, Luis Miguel Contreras and Fang, Yonggang and Featherstone, Walter and Filippou, Miltiadis and Fontes, Francisco and Labs, Altice and Giust, Fabio and Huang, Qiang and Li, Alice and Turyagyenda, Charles and Wehner, Christof and Zheng, Zhou},
 language = {en},
 pages = {24},
 title = {Cloud {{RAN}} and {{MEC}}: {{A Perfect Pairing}}}
}

@article{rodrigues2017hybrid,
 author = {Rodrigues, T. G. and Suto, K. and Nishiyama, H. and Kato, N.},
 doi = {10.1109/TC.2016.2620469},
 issn = {0018-9340},
 journal = {IEEE Transactions on Computers},
 month = {may},
 number = {5},
 pages = {810--819},
 title = {Hybrid {{Method}} for {{Minimizing Service Delay}} in {{Edge Cloud Computing Through VM Migration}} and {{Transmission Power Control}}},
 volume = {66},
 year = {2017}
}

@article{rodrigues2018cloudlets,
 author = {Rodrigues, Tiago Gama and Suto, Katsuya and Nishiyama, Hiroki and Kato, Nei and Temma, Katsuhiro},
 doi = {10.1109/TC.2018.2818144},
 issn = {0018-9340},
 journal = {IEEE Transactions on Computers},
 month = {sep},
 number = {9},
 pages = {1287--1300},
 title = {Cloudlets {{Activation Scheme}} for {{Scalable Mobile Edge Computing}} with {{Transmission Power Control}} and {{Virtual Machine Migration}}},
 volume = {67},
 year = {2018}
}

@inproceedings{rosensweig2013network,
 author = {Rosensweig, Elisha J. and Kurose, Jim},
 booktitle = {2013 {{Proceedings IEEE INFOCOM}}},
 doi = {10.1109/INFCOM.2013.6566740},
 issn = {0743-166X},
 month = {apr},
 pages = {85--89},
 title = {A Network Calculus for Cache Networks},
 year = {2013}
}

@inproceedings{saif2018software,
 author = {Saif, D. and Arsiwala, F. and Khanna, I.},
 booktitle = {2018 {{IEEE 5G World Forum}} ({{5GWF}})},
 doi = {10.1109/5GWF.2018.8517068},
 month = {jul},
 pages = {106--111},
 shorttitle = {Software {{Defined Networking}} in {{Next Generation Mobile Backhauls}}},
 title = {Software {{Defined Networking}} in {{Next Generation Mobile Backhauls}}: {{A Survey}}},
 year = {2018}
}

@inproceedings{saif2018softwarea,
 author = {Saif, D. and Arsiwala, F. and Khanna, I.},
 booktitle = {2018 {{IEEE 5G World Forum}} ({{5GWF}})},
 doi = {10.1109/5GWF.2018.8517068},
 month = {jul},
 pages = {106--111},
 shorttitle = {Software {{Defined Networking}} in {{Next Generation Mobile Backhauls}}},
 title = {Software {{Defined Networking}} in {{Next Generation Mobile Backhauls}}: {{A Survey}}},
 year = {2018}
}

@inproceedings{sallam2019joint,
 author = {Sallam, G. and Ji, B.},
 booktitle = {{{IEEE INFOCOM}} 2019 - {{IEEE Conference}} on {{Computer Communications}}},
 doi = {10.1109/INFOCOM.2019.8737400},
 month = {apr},
 pages = {523--531},
 title = {Joint {{Placement}} and {{Allocation}} of {{Virtual Network Functions}} with {{Budget}} and {{Capacity Constraints}}},
 year = {2019}
}

@inproceedings{santoyo-gonzalez2018edge,
 author = {{Santoyo-Gonz{\'a}lez}, A. and {Cervell{\'o}-Pastor}, C.},
 booktitle = {Proceedings of {{IEEE Conference}} on {{Standards}} for {{Communications}} and {{Networking}} ({{CSCN}} 2018)},
 doi = {10.1109/CSCN.2018.8581749},
 month = {oct},
 pages = {1--6},
 title = {Edge {{Nodes Infrastructure Placement Parameters}} for {{5G Networks}}},
 year = {2018}
}

@article{sarros2018connecting,
 author = {Sarros, C. A. and Diamantopoulos, S. and Rene, S. and Psaras, I. and Lertsinsrubtavee, A. and {Molina-Jimenez}, C. and Mendes, P. and Sofia, R. and Sathiaseelan, A. and Pavlou, G. and Crowcroft, J. and Tsaoussidis, V.},
 doi = {10.1109/MCOM.2018.1700325},
 issn = {0163-6804},
 journal = {IEEE Communications Magazine},
 month = {feb},
 number = {2},
 pages = {136--143},
 shorttitle = {Connecting the {{Edges}}},
 title = {Connecting the {{Edges}}: {{A Universal}}, {{Mobile}}-{{Centric}}, and {{Opportunistic Communications Architecture}}},
 volume = {56},
 year = {2018}
}

@article{satyanarayanan2009case,
 author = {Satyanarayanan, M. and Bahl, P. and Caceres, R. and Davies, N.},
 doi = {10.1109/MPRV.2009.82},
 issn = {1536-1268},
 journal = {IEEE Pervasive Computing},
 month = {oct},
 number = {4},
 pages = {14--23},
 title = {The {{Case}} for {{VM}}-{{Based Cloudlets}} in {{Mobile Computing}}},
 volume = {8},
 year = {2009}
}

@inproceedings{schmitt2008delay,
 author = {Schmitt, J. B. and Zdarsky, F. A. and Fidler, M.},
 booktitle = {{{IEEE INFOCOM}} 2008 - {{The}} 27th {{Conference}} on {{Computer Communications}}},
 doi = {10.1109/INFOCOM.2008.228},
 issn = {0743-166X},
 month = {apr},
 pages = {1669--1677},
 shorttitle = {Delay {{Bounds}} under {{Arbitrary Multiplexing}}},
 title = {【!!】{{Delay Bounds}} under {{Arbitrary Multiplexing}}: {{When Network Calculus Leaves You}} in the {{Lurch}}...},
 year = {2008}
}

@inproceedings{schulz2017nexmon,
 address = {{New York, NY, USA}},
 author = {Schulz, Matthias and Wegemer, Daniel and Hollick, Matthias},
 booktitle = {Proceedings of the 11th {{Workshop}} on {{Wireless Network Testbeds}}, {{Experimental Evaluation}} \& {{CHaracterization}}},
 doi = {10.1145/3131473.3131476},
 isbn = {978-1-4503-5147-8},
 pages = {59--66},
 publisher = {{ACM}},
 series = {{{WiNTECH}} '17},
 shorttitle = {Nexmon},
 title = {Nexmon: {{Build Your Own Wi}}-{{Fi Testbeds With Low}}-{{Level MAC}} and {{PHY}}-{{Access Using Firmware Patches}} on {{Off}}-the-{{Shelf Mobile Devices}}},
 year = {2017}
}

@inproceedings{shah-mohammadi2018deep,
 author = {{Shah-Mohammadi}, F. and Kwasinski, A.},
 booktitle = {2018 {{IEEE International Conference}} on {{Communications Workshops}} ({{ICC Workshops}})},
 doi = {10.1109/ICCW.2018.8403658},
 month = {may},
 pages = {1--6},
 title = {Deep {{Reinforcement Learning Approach}} to {{QoE}}-{{Driven Resource Allocation}} for {{Spectrum Underlay}} in {{Cognitive Radio Networks}}},
 year = {2018}
}

@inproceedings{shahhosseini2019dynamic,
 address = {{Tysons Corner, VA, USA}},
 author = {Shahhosseini, Sina and Azimi, Iman and Anzanpour, Arman and Jantsch, Axel and Liljeberg, Pasi and Dutt, Nikil and Rahmani, Amir M.},
 booktitle = {Proceedings of the 2019 on {{Great Lakes Symposium}} on {{VLSI}}},
 doi = {10.1145/3299874.3319336},
 isbn = {978-1-4503-6252-8},
 pages = {519--524},
 publisher = {{ACM}},
 series = {{{GLSVLSI}} '19},
 shorttitle = {Dynamic {{Computation Migration}} at the {{Edge}}},
 title = {Dynamic {{Computation Migration}} at the {{Edge}}: {{Is There}} an {{Optimal Choice}}?},
 year = {2019}
}

@inproceedings{sharma2018are,
 author = {Sharma, R. and Biookaghazadeh, S. and Li, B. and Zhao, M.},
 booktitle = {2018 {{IEEE International Conference}} on {{Edge Computing}} ({{EDGE}})},
 doi = {10.1109/EDGE.2018.00013},
 month = {jul},
 pages = {42--49},
 title = {Are {{Existing Knowledge Transfer Techniques Effective}} for {{Deep Learning}} with {{Edge Devices}}?},
 year = {2018}
}

@article{shi2016edge,
 author = {Shi, Weisong and Cao, Jie and Zhang, Quan and Li, Youhuizi and Xu, Lanyu},
 doi = {10.1109/JIOT.2016.2579198},
 issn = {2327-4662},
 journal = {IEEE Internet of Things Journal},
 month = {oct},
 number = {5},
 pages = {637--646},
 shorttitle = {Edge {{Computing}}},
 title = {Edge {{Computing}}: {{Vision}} and {{Challenges}}},
 volume = {3},
 year = {2016}
}

@article{silver2016mastering,
 author = {Silver, David and Huang, Aja and Maddison, Chris J. and Guez, Arthur and Sifre, Laurent and van den Driessche, George and Schrittwieser, Julian and Antonoglou, Ioannis and Panneershelvam, Veda and Lanctot, Marc and Dieleman, Sander and Grewe, Dominik and Nham, John and Kalchbrenner, Nal and Sutskever, Ilya and Lillicrap, Timothy and Leach, Madeleine and Kavukcuoglu, Koray and Graepel, Thore and Hassabis, Demis},
 copyright = {2016 Nature Publishing Group},
 doi = {10.1038/nature16961},
 issn = {1476-4687},
 journal = {Nature},
 language = {en},
 month = {jan},
 number = {7587},
 pages = {484--489},
 title = {Mastering the Game of {{Go}} with Deep Neural Networks and Tree Search},
 volume = {529},
 year = {2016}
}

@article{sofi2018survey,
 author = {Sofi, Ishfaq Bashir and Gupta, Akhil},
 doi = {10.1016/j.jnca.2018.06.002},
 issn = {1084-8045},
 journal = {Journal of Network and Computer Applications},
 month = {sep},
 pages = {1--28},
 title = {A Survey on Energy Efficient {{5G}} Green Network with a Planned Multi-Tier Architecture},
 volume = {118},
 year = {2018}
}

@article{solozabal2018exploitation,
 author = {Solozabal, Ruben and Sanchoyerto, Aitor and Atxutegi, Eneko and Blanco, Bego and Fajardo, Jose Oscar and Liberal, Fidel},
 doi = {10.1109/ACCESS.2018.2849200},
 issn = {2169-3536},
 journal = {IEEE Access},
 language = {en},
 pages = {37665--37675},
 title = {Exploitation of {{Mobile Edge Computing}} in {{5G Distributed Mission}}-{{Critical Push}}-to-{{Talk Service Deployment}}},
 volume = {6},
 year = {2018}
}

@inproceedings{soualhia2019infrastructure,
 address = {{Arlington, Virginia}},
 author = {Soualhia, Mbarka and Fu, Chunyan and Khomh, Foutse},
 booktitle = {Proceedings of the 4th {{ACM}}/{{IEEE Symposium}} on {{Edge Computing}}},
 doi = {10.1145/3318216.3363305},
 isbn = {978-1-4503-6733-2},
 pages = {222--235},
 publisher = {{ACM}},
 series = {{{SEC}} '19},
 title = {Infrastructure {{Fault Detection}} and {{Prediction}} in {{Edge Cloud Environments}}},
 year = {2019}
}

@inproceedings{spyropoulos2016soft,
 address = {{New York, NY, USA}},
 author = {Spyropoulos, Thrasyvoulos and Sermpezis, Pavlos},
 booktitle = {Proceedings of the {{Eleventh ACM Workshop}} on {{Challenged Networks}}},
 doi = {10.1145/2979683.2979688},
 isbn = {978-1-4503-4256-8},
 pages = {51--56},
 publisher = {{ACM}},
 series = {{{CHANTS}} '16},
 title = {Soft {{Cache Hits}} and the {{Impact}} of {{Alternative Content Recommendations}} on {{Mobile Edge Caching}}},
 year = {2016}
}

@article{sthapit2019computational,
 author = {Sthapit, Saurav and Thompson, John and Robertson, Neil M. and Hopgood, James R.},
 doi = {10.1109/TMC.2018.2863301},
 issn = {2161-9875},
 journal = {IEEE Transactions on Mobile Computing},
 month = {jul},
 number = {7},
 pages = {1499--1512},
 title = {Computational {{Load Balancing}} on the {{Edge}} in {{Absence}} of {{Cloud}} and {{Fog}}},
 volume = {18},
 year = {2019}
}

@inproceedings{streiffer2017eprivateeye,
 address = {{New York, NY, USA}},
 author = {Streiffer, Christopher and Srivastava, Animesh and Orlikowski, Victor and Velasco, Yesenia and Martin, Vincentius and Raval, Nisarg and Machanavajjhala, Ashwin and Cox, Landon P.},
 booktitle = {Proceedings of the {{Second ACM}}/{{IEEE Symposium}} on {{Edge Computing}}},
 doi = {10.1145/3132211.3134457},
 isbn = {978-1-4503-5087-7},
 pages = {18:1--18:13},
 publisher = {{ACM}},
 series = {{{SEC}} '17},
 shorttitle = {{{ePrivateeye}}},
 title = {{{ePrivateeye}}: {{To}} the {{Edge}} and {{Beyond}}!},
 year = {2017}
}

@article{sun2017emm,
 author = {Sun, Y. and Zhou, S. and Xu, J.},
 doi = {10.1109/JSAC.2017.2760160},
 issn = {0733-8716},
 journal = {IEEE Journal on Selected Areas in Communications},
 month = {nov},
 number = {11},
 pages = {2637--2646},
 shorttitle = {{{EMM}}},
 title = {{{EMM}}: {{Energy}}-{{Aware Mobility Management}} for {{Mobile Edge Computing}} in {{Ultra Dense Networks}}},
 volume = {35},
 year = {2017}
}

@article{taherizadeh2018monitoring,
 author = {Taherizadeh, Salman and Jones, Andrew C. and Taylor, Ian and Zhao, Zhiming and Stankovski, Vlado},
 doi = {10.1016/j.jss.2017.10.033},
 issn = {0164-1212},
 journal = {Journal of Systems and Software},
 month = {feb},
 pages = {19--38},
 shorttitle = {Monitoring Self-Adaptive Applications within Edge Computing Frameworks},
 title = {Monitoring Self-Adaptive Applications within Edge Computing Frameworks: {{A}} State-of-the-Art Review},
 volume = {136},
 year = {2018}
}

@inproceedings{tan2017locationaware,
 author = {Tan, Chanh Nguyen Le and Klein, C. and Elmroth, E.},
 booktitle = {Proceedings of 2017 {{Second International Conference}} on {{Fog}} and {{Mobile Edge Computing}} ({{FMEC}})},
 doi = {10.1109/FMEC.2017.7946403},
 month = {may},
 pages = {25--31},
 title = {Location-Aware Load Prediction in {{Edge Data Centers}}},
 year = {2017}
}

@inproceedings{tan2017online,
 author = {Tan, Haisheng and Han, Zhenhua and Li, Xiang-Yang and Lau, Francis C.M.},
 booktitle = {{{IEEE INFOCOM}} 2017 - {{IEEE Conference}} on {{Computer Communications}}},
 doi = {10.1109/INFOCOM.2017.8057116},
 issn = {null},
 month = {may},
 pages = {1--9},
 title = {Online Job Dispatching and Scheduling in Edge-Clouds},
 year = {2017}
}

@inproceedings{tan2018survey,
 author = {Tan, Chuanqi and Sun, Fuchun and Kong, Tao and Zhang, Wenchang and Yang, Chao and Liu, Chunfang},
 booktitle = {Artificial {{Neural Networks}} and {{Machine Learning}} \textendash{} {{ICANN}} 2018},
 editor = {K{\r{u}}rkov{\'a}, V{\v e}ra and Manolopoulos, Yannis and Hammer, Barbara and Iliadis, Lazaros and Maglogiannis, Ilias},
 isbn = {978-3-030-01424-7},
 language = {en},
 pages = {270--279},
 publisher = {{Springer International Publishing}},
 series = {Lecture {{Notes}} in {{Computer Science}}},
 title = {A {{Survey}} on {{Deep Transfer Learning}}},
 year = {2018}
}

@article{tanganelli2018edgecentric,
 author = {Tanganelli, G. and Vallati, C. and Mingozzi, E.},
 doi = {10.1109/JIOT.2017.2767381},
 journal = {IEEE Internet of Things Journal},
 month = {feb},
 number = {1},
 pages = {425--438},
 title = {Edge-{{Centric Distributed Discovery}} and {{Access}} in the {{Internet}} of {{Things}}},
 volume = {5},
 year = {2018}
}

@article{taylor2009transfer,
 author = {Taylor, Matthew E. and Stone, Peter},
 issn = {1532-4435},
 journal = {J. Mach. Learn. Res.},
 month = {dec},
 pages = {1633--1685},
 shorttitle = {Transfer {{Learning}} for {{Reinforcement Learning Domains}}},
 title = {Transfer {{Learning}} for {{Reinforcement Learning Domains}}: {{A Survey}}},
 volume = {10},
 year = {2009}
}

@article{teerapittayanon2017branchynet,
 archiveprefix = {arXiv},
 author = {Teerapittayanon, Surat and McDanel, Bradley and Kung, H. T.},
 eprint = {1709.01686},
 eprinttype = {arxiv},
 journal = {arXiv:1709.01686 [cs]},
 month = {sep},
 primaryclass = {cs},
 shorttitle = {{{BranchyNet}}},
 title = {{{BranchyNet}}: {{Fast Inference}} via {{Early Exiting}} from {{Deep Neural Networks}}},
 year = {2017}
}

@inproceedings{thiran2001network,
 author = {Thiran, P. and Le Boudec, J.-Y. and Worm, F.},
 booktitle = {Proceedings {{IEEE INFOCOM}} 2001. {{Conference}} on {{Computer Communications}}. {{Twentieth Annual Joint Conference}} of the {{IEEE Computer}} and {{Communications Society}} ({{Cat}}. {{No}}.{{01CH37213}})},
 doi = {10.1109/INFCOM.2001.916643},
 issn = {0743-166X},
 month = {apr},
 pages = {1474-1483 vol.3},
 title = {Network Calculus Applied to Optimal Multimedia Smoothing},
 volume = {3},
 year = {2001}
}

@inproceedings{tinghe2018it,
 address = {{Vienna}},
 author = {{Ting He} and {Hana Khamfroush} and {Shiqiang Wang} and {Tom La Porta} and {Sebastian Stein}},
 booktitle = {2018 {{IEEE}} 38th {{International Conference}} on {{Distributed Computing Systems}} ({{ICDCS}})},
 doi = {10.1109/ICDCS.2018.00044},
 isbn = {978-1-5386-6871-9},
 month = {jul},
 pages = {365--375},
 publisher = {{IEEE}},
 shorttitle = {It's {{Hard}} to {{Share}}},
 title = {It's {{Hard}} to {{Share}}: {{Joint Service Placement}} and {{Request Scheduling}} in {{Edge Clouds}} with {{Sharable}} and {{Non}}-{{Sharable Resources}}},
 year = {2018}
}

@inproceedings{tong2016hierarchical,
 author = {Tong, L. and Li, Y. and Gao, W.},
 booktitle = {{{IEEE INFOCOM}} 2016 - {{The}} 35th {{Annual IEEE International Conference}} on {{Computer Communications}}},
 doi = {10.1109/INFOCOM.2016.7524340},
 month = {apr},
 pages = {1--9},
 title = {A Hierarchical Edge Cloud Architecture for Mobile Computing},
 year = {2016}
}

@article{toosi2018management,
 archiveprefix = {arXiv},
 author = {Toosi, Adel Nadjaran and Mahmud, Redowan and Chi, Qinghua and Buyya, Rajkumar},
 eprint = {1812.00593},
 eprinttype = {arxiv},
 journal = {arXiv:1812.00593 [cs]},
 month = {dec},
 primaryclass = {cs},
 title = {Management and {{Orchestration}} of {{Network Slices}} in {{5G}}, {{Fog}}, {{Edge}} and {{Clouds}}},
 year = {2018}
}

@article{tran2019adaptive,
 author = {Tran, Tuyen X. and Pompili, Dario},
 doi = {10.1109/TMC.2018.2871147},
 issn = {2161-9875},
 journal = {IEEE Transactions on Mobile Computing},
 month = {sep},
 number = {9},
 pages = {1965--1978},
 title = {Adaptive {{Bitrate Video Caching}} and {{Processing}} in {{Mobile}}-{{Edge Computing Networks}}},
 volume = {18},
 year = {2019}
}

@article{trestian2012game,
 author = {Trestian, R. and Ormond, O. and Muntean, G.},
 doi = {10.1109/SURV.2012.010912.00081},
 journal = {IEEE Communications Surveys Tutorials},
 number = {4},
 pages = {1212--1231},
 shorttitle = {Game {{Theory}}-{{Based Network Selection}}},
 title = {Game {{Theory}}-{{Based Network Selection}}: {{Solutions}} and {{Challenges}}},
 volume = {14},
 year = {Fourth 2012}
}

@inproceedings{understanding,
 title = {Understanding and {{Modeling}} of {{WiFi Signal Based Human Activity Recognition}}}
}

@article{vakil-ghahani2018cache,
 author = {{Vakil-Ghahani}, A. and {Mahdizadeh-Shahri}, S. and {Lotfi-Namin}, M. R. and Bakhshalipour, M. and {Lotfi-Kamran}, P. and {Sarbazi-Azad}, H.},
 doi = {10.1109/LCA.2017.2762660},
 issn = {1556-6056},
 journal = {IEEE Computer Architecture Letters},
 month = {jan},
 number = {1},
 pages = {64--67},
 title = {Cache {{Replacement Policy Based}} on {{Expected Hit Count}}},
 volume = {17},
 year = {2018}
}

@inproceedings{vanderburg2011selfadaptive,
 address = {{New York, NY, USA}},
 author = {{van der Burg}, Sander and Dolstra, Eelco},
 booktitle = {Proceedings of the 6th {{International Symposium}} on {{Software Engineering}} for {{Adaptive}} and {{Self}}-{{Managing Systems}}},
 doi = {10.1145/1988008.1988039},
 isbn = {978-1-4503-0575-4},
 pages = {208--217},
 publisher = {{ACM}},
 series = {{{SEAMS}} '11},
 title = {A {{Self}}-Adaptive {{Deployment Framework}} for {{Service}}-Oriented {{Systems}}},
 year = {2011}
}

@inproceedings{villari2017deployment,
 address = {{Heraklion, Greece}},
 author = {Villari, Massimo and Celesti, Antonio and Tricomi, Giuseppe and Galletta, Antonino and Fazio, Maria},
 booktitle = {Proceedings of 2017 {{IEEE Symposium}} on {{Computers}} and {{Communications}} ({{ISCC}})},
 doi = {10.1109/ISCC.2017.8024599},
 isbn = {978-1-5386-1629-1},
 month = {jul},
 pages = {633--638},
 publisher = {{IEEE}},
 title = {Deployment Orchestration of Microservices with Geographical Constraints for {{Edge}} Computing},
 year = {2017}
}

@inproceedings{vita2018deep,
 author = {Vita, F. D. and Bruneo, D. and Puliafito, A. and Nardini, G. and Virdis, A. and Stea, G.},
 booktitle = {2018 {{ITU Kaleidoscope}}: {{Machine Learning}} for a {{5G Future}} ({{ITU K}})},
 doi = {10.23919/ITU-WT.2018.8597889},
 month = {nov},
 pages = {1--8},
 title = {A {{Deep Reinforcement Learning Approach For Data Migration}} in {{Multi}}-{{Access Edge Computing}}},
 year = {2018}
}

@article{vogler2018optimizing,
 author = {V{\"o}gler, M. and Schleicher, J. M. and Inzinger, C. and Dustdar, S.},
 doi = {10.1109/TSC.2016.2617327},
 issn = {1939-1374},
 journal = {IEEE Transactions on Services Computing},
 month = {sep},
 number = {5},
 pages = {879--892},
 title = {Optimizing {{Elastic IoT Application Deployments}}},
 volume = {11},
 year = {2018}
}

@article{wang2017dynamic,
 author = {Wang, S. and Urgaonkar, R. and He, T. and Chan, K. and Zafer, M. and Leung, K. K.},
 doi = {10.1109/TPDS.2016.2604814},
 issn = {1045-9219},
 journal = {IEEE Transactions on Parallel and Distributed Systems},
 month = {apr},
 number = {4},
 pages = {1002--1016},
 title = {Dynamic {{Service Placement}} for {{Mobile Micro}}-{{Clouds}} with {{Predicted Future Costs}}},
 volume = {28},
 year = {2017}
}

@article{wang2017qos,
 author = {Wang, Shangguang and Zhao, Yali and Huang, Lin and Xu, Jinliang and Hsu, Ching-Hsien},
 doi = {10.1016/j.jpdc.2017.09.014},
 issn = {0743-7315},
 journal = {Journal of Parallel and Distributed Computing},
 month = {oct},
 title = {{{QoS}} Prediction for Service Recommendations in Mobile Edge Computing},
 year = {2017}
}

@article{wang2017service,
 author = {Wang, Yang and Veeravalli, Bharadwaj and Tham, Chen-Khong and He, Shuibing and Xu, Chengzhong},
 doi = {10.1145/3050438},
 issn = {1556-4665},
 journal = {ACM Trans. Auton. Adapt. Syst.},
 month = {may},
 number = {2},
 pages = {6:1--6:25},
 shorttitle = {On {{Service Migrations}} in the {{Cloud}} for {{Mobile Accesses}}},
 title = {On {{Service Migrations}} in the {{Cloud}} for {{Mobile Accesses}}: {{A Distributed Approach}}},
 volume = {12},
 year = {2017}
}

@inproceedings{wang2017virtual,
 author = {Wang, W. and Zhao, Y. and Tornatore, M. and Gupta, A. and Zhang, J. and Mukherjee, B.},
 booktitle = {2017 {{IEEE}} 6th {{International Conference}} on {{Cloud Networking}} ({{CloudNet}})},
 doi = {10.1109/CloudNet.2017.8071527},
 month = {sep},
 pages = {1--6},
 title = {Virtual Machine Placement and Workload Assignment for Mobile Edge Computing},
 year = {2017}
}

@article{wang2018cloudbased,
 author = {Wang, H. and Li, T. and Shea, R. and Ma, X. and Wang, F. and Liu, J. and Xu, K.},
 doi = {10.1109/TNET.2017.2765246},
 issn = {1063-6692},
 journal = {IEEE/ACM Transactions on Networking},
 month = {feb},
 number = {1},
 pages = {3--16},
 shorttitle = {Toward {{Cloud}}-{{Based Distributed Interactive Applications}}},
 title = {Toward {{Cloud}}-{{Based Distributed Interactive Applications}}: {{Measurement}}, {{Modeling}}, and {{Analysis}}},
 volume = {26},
 year = {2018}
}

@article{wang2018edge,
 author = {Wang, Shangguang and Zhao, Yali and Xu, Jinlinag and Yuan, Jie and Hsu, Ching-Hsien},
 doi = {10.1016/j.jpdc.2018.06.008},
 issn = {0743-7315},
 journal = {Journal of Parallel and Distributed Computing},
 month = {jun},
 pages = {160--168},
 title = {Edge Server Placement in Mobile Edge Computing},
 volume = {127},
 year = {2018}
}

@article{wang2018efficient,
 author = {Wang, E. and Yang, Y. and Wu, J. and Liu, W. and Wang, X.},
 doi = {10.1109/TMC.2017.2702613},
 issn = {1536-1233},
 journal = {IEEE Transactions on Mobile Computing},
 month = {jan},
 number = {1},
 pages = {16--28},
 title = {An {{Efficient Prediction}}-{{Based User Recruitment}} for {{Mobile Crowdsensing}}},
 volume = {17},
 year = {2018}
}

@article{wang2018green,
 author = {Wang, S. and Zhou, A. and Bao, R. and Chou, W. and Yau, S. S.},
 doi = {10.1109/TSC.2018.2868356},
 issn = {1939-1374},
 journal = {IEEE Transactions on Services Computing},
 pages = {1--1},
 title = {Towards {{Green Service Composition Approach}} in the {{Cloud}}},
 year = {2018}
}

@article{wang2018networkaware,
 author = {Wang, S. and Zhou, A. and Yang, F. and Chang, R. N.},
 doi = {10.1109/TCC.2016.2603504},
 issn = {2168-7161},
 journal = {IEEE Transactions on Cloud Computing},
 pages = {1--1},
 title = {Towards {{Network}}-{{Aware Service Composition}} in the {{Cloud}}},
 year = {2018}
}

@inproceedings{wang2018service,
 author = {Wang, L. and Jiao, L. and He, T. and Li, J. and M{\"u}hlh{\"a}user, M.},
 booktitle = {{{IEEE INFOCOM}} 2018 - {{IEEE Conference}} on {{Computer Communications}}},
 doi = {10.1109/INFOCOM.2018.8486411},
 month = {apr},
 pages = {468--476},
 title = {Service {{Entity Placement}} for {{Social Virtual Reality Applications}} in {{Edge Computing}}},
 year = {2018}
}

@inproceedings{wang2018when,
 author = {Wang, S. and Tuor, T. and Salonidis, T. and Leung, K. K. and Makaya, C. and He, T. and Chan, K.},
 booktitle = {{{IEEE INFOCOM}} 2018 - {{IEEE Conference}} on {{Computer Communications}}},
 doi = {10.1109/INFOCOM.2018.8486403},
 month = {apr},
 pages = {63--71},
 shorttitle = {When {{Edge Meets Learning}}},
 title = {When {{Edge Meets Learning}}: {{Adaptive Control}} for {{Resource}}-{{Constrained Distributed Machine Learning}}},
 year = {2018}
}

@article{wang2019dynamic,
 author = {Wang, S. and Urgaonkar, R. and Zafer, M. and He, T. and Chan, K. and Leung, K. K.},
 doi = {10.1109/TNET.2019.2916577},
 issn = {1063-6692},
 journal = {IEEE/ACM Transactions on Networking},
 month = {jun},
 number = {3},
 pages = {1272--1288},
 title = {Dynamic {{Service Migration}} in {{Mobile Edge Computing Based}} on {{Markov Decision Process}}},
 volume = {27},
 year = {2019}
}

@inproceedings{wang2019frame,
 author = {Wang, Chao and Gill, Christopher and Lu, Chenyang},
 booktitle = {2019 {{IEEE}} 39th {{International Conference}} on {{Distributed Computing Systems}} ({{ICDCS}})},
 doi = {10.1109/ICDCS.2019.00101},
 issn = {2575-8411, 1063-6927},
 month = {jul},
 pages = {976--985},
 shorttitle = {{{FRAME}}},
 title = {{{FRAME}}: {{Fault Tolerant}} and {{Real}}-{{Time Messaging}} for {{Edge Computing}}},
 year = {2019}
}

@article{wang2019moera,
 author = {Wang, Lin and Jiao, Lei and Li, Jun and Gedeon, Julien and M{\"u}hlh{\"a}user, Max},
 doi = {10.1109/TMC.2018.2867520},
 issn = {2161-9875},
 journal = {IEEE Transactions on Mobile Computing},
 month = {aug},
 number = {8},
 pages = {1843--1856},
 shorttitle = {{{MOERA}}},
 title = {{{MOERA}}: {{Mobility}}-{{Agnostic Online Resource Allocation}} for {{Edge Computing}}},
 volume = {18},
 year = {2019}
}

@article{wang2019rc,
 author = {Wang, Hongchun and Hu, JiangQi and Niu, WenSheng},
 doi = {10.1007/s11107-018-00827-7},
 issn = {1572-8188},
 journal = {Photonic Network Communications},
 language = {en},
 month = {apr},
 number = {2},
 pages = {253--260},
 title = {{{RC}} Performance Analysis Based on Model Optimization with the Aid of Network Calculus},
 volume = {37},
 year = {2019}
}

@article{wang2019softwaredefined,
 author = {Wang, A. and Zha, Z. and Guo, Y. and Chen, S.},
 doi = {10.1109/JPROC.2019.2924377},
 journal = {Proceedings of the IEEE},
 month = {aug},
 number = {8},
 pages = {1500--1519},
 shorttitle = {Software-{{Defined Networking Enhanced Edge Computing}}},
 title = {Software-{{Defined Networking Enhanced Edge Computing}}: {{A Network}}-{{Centric Survey}}},
 volume = {107},
 year = {2019}
}

@article{wang2019softwaredefineda,
 author = {Wang, An and Zha, Zili and Guo, Yang and Chen, Songqing},
 doi = {10.1109/JPROC.2019.2924377},
 issn = {0018-9219, 1558-2256},
 journal = {Proceedings of the IEEE},
 month = {aug},
 number = {8},
 pages = {1500--1519},
 shorttitle = {Software-{{Defined Networking Enhanced Edge Computing}}},
 title = {Software-{{Defined Networking Enhanced Edge Computing}}: {{A Network}}-{{Centric Survey}}},
 volume = {107},
 year = {2019}
}

@article{wangcloudguided,
 author = {Wang, Shangguang and Zhou, Ao and Cao, Jiannong},
 journal = {IEEE TRANSACTIONS ON MOBILE COMPUTING},
 language = {en},
 pages = {11},
 title = {A {{Cloud}}-Guided {{Feature Extraction Approach}} for {{Image Retrieval}} in {{Mobile Edge Computing}}}
}

@inproceedings{wolski2019cspot,
 address = {{Arlington, Virginia}},
 author = {Wolski, Rich and Krintz, Chandra and Bakir, Fatih and George, Gareth and Lin, Wei-Tsung},
 booktitle = {Proceedings of the 4th {{ACM}}/{{IEEE Symposium}} on {{Edge Computing}}},
 doi = {10.1145/3318216.3363314},
 isbn = {978-1-4503-6733-2},
 pages = {236--249},
 publisher = {{ACM}},
 series = {{{SEC}} '19},
 shorttitle = {{{CSPOT}}},
 title = {{{CSPOT}}: {{Portable}}, {{Multi}}-Scale {{Functions}}-as-a-Service for {{IoT}}},
 year = {2019}
}

@inproceedings{wu2010model,
 author = {Wu, Kui and Jiang, Yuming and Li, Jie},
 booktitle = {2010 {{IEEE}} 18th {{International Workshop}} on {{Quality}} of {{Service}} ({{IWQoS}})},
 doi = {10.1109/IWQoS.2010.5542751},
 issn = {1548-615X},
 month = {jun},
 pages = {1--9},
 title = {On the Model Transform in Stochastic Network Calculus},
 year = {2010}
}

@article{wu2018dynamic,
 author = {Wu, Kuo-Chu and Liu, Wei-Yi and Wu, Shiow-Yang},
 doi = {10.1109/TMC.2017.2771427},
 issn = {1536-1233},
 journal = {IEEE Transactions on Mobile Computing},
 month = {jun},
 number = {6},
 pages = {1326--1338},
 title = {Dynamic {{Deployment}} and {{Cost}}-{{Sensitive Provisioning}} for {{Elastic Mobile Cloud Services}}},
 volume = {17},
 year = {2018}
}

@article{wu2018novel,
 author = {Wu, Yumei and Fang, Yuanyuan and Liu, Bin and Zhao, Zehui},
 doi = {10.1007/s00779-018-1163-0},
 issn = {1617-4917},
 journal = {Personal and Ubiquitous Computing},
 language = {en},
 month = {oct},
 number = {5},
 pages = {1099--1107},
 title = {A Novel Service Deployment Approach Based on Resilience Metrics for Service-Oriented System},
 volume = {22},
 year = {2018}
}

@inproceedings{wu2019charginga,
 author = {Wu, T. and Yang, P. and Dai, H. and Xu, W. and Xu, M.},
 booktitle = {{{IEEE INFOCOM}} 2019 - {{IEEE Conference}} on {{Computer Communications}}},
 doi = {10.1109/INFOCOM.2019.8737502},
 month = {apr},
 pages = {73--81},
 title = {Charging {{Oriented Sensor Placement}} and {{Flexible Scheduling}} in {{Rechargeable WSNs}}},
 year = {2019}
}

@inproceedings{wu2019collaborated,
 author = {Wu, T. and Yang, P. and Dai, H. and Xu, W. and Xu, M.},
 booktitle = {{{IEEE INFOCOM}} 2019 - {{IEEE Conference}} on {{Computer Communications}}},
 doi = {10.1109/INFOCOM.2019.8737509},
 month = {apr},
 pages = {1810--1818},
 shorttitle = {Collaborated {{Tasks}}-Driven {{Mobile Charging}} and {{Scheduling}}},
 title = {Collaborated {{Tasks}}-Driven {{Mobile Charging}} and {{Scheduling}}: {{A Near Optimal Result}}},
 year = {2019}
}

@inproceedings{wu2019when,
 author = {Wu, Song and Hu, Die and Ibrahim, Shadi and Jin, Hai and Xiao, Jiang and Chen, Fei and Liu, Haikun},
 booktitle = {2019 {{IEEE}} 39th {{International Conference}} on {{Distributed Computing Systems}} ({{ICDCS}})},
 doi = {10.1109/ICDCS.2019.00180},
 issn = {2575-8411, 1063-6927},
 month = {jul},
 pages = {1818--1829},
 title = {When {{FPGA}}-{{Accelerator Meets Stream Data Processing}} in the {{Edge}}},
 year = {2019}
}

@inproceedings{xiang2016adaptive,
 author = {Xiang, H. and Xu, X. and Zheng, H. and Li, S. and Wu, T. and Dou, W. and Yu, S.},
 booktitle = {2016 {{IEEE Global Communications Conference}} ({{GLOBECOM}})},
 doi = {10.1109/GLOCOM.2016.7841576},
 month = {dec},
 pages = {1--6},
 title = {An {{Adaptive Cloudlet Placement Method}} for {{Mobile Applications}} over {{GPS Big Data}}},
 year = {2016}
}

@inproceedings{xiao2018heuristic,
 author = {Xiao, K. and Gao, Z. and Wang, Q. and Yang, Y.},
 booktitle = {2018 {{IEEE}}/{{ACM Symposium}} on {{Edge Computing}} ({{SEC}})},
 doi = {10.1109/SEC.2018.00043},
 month = {oct},
 pages = {354--355},
 title = {A {{Heuristic Algorithm Based}} on {{Resource Requirements Forecasting}} for {{Server Placement}} in {{Edge Computing}}},
 year = {2018}
}

@inproceedings{xiao2019driving,
 author = {Xiao, Yong and Krunz, Marwan and Volos, Haris and Bando, Takashi},
 booktitle = {2019 16th {{Annual IEEE International Conference}} on {{Sensing}}, {{Communication}}, and {{Networking}} ({{SECON}})},
 doi = {10.1109/SAHCN.2019.8824922},
 issn = {2155-5494, 2155-5486},
 month = {jun},
 pages = {1--9},
 shorttitle = {Driving in the {{Fog}}},
 title = {Driving in the {{Fog}}: {{Latency Measurement}}, {{Modeling}}, and {{Optimization}} of {{LTE}}-Based {{Fog Computing}} for {{Smart Vehicles}}},
 year = {2019}
}

@inproceedings{xie2019efficient,
 author = {XIE, JUNJIE and Qian, Chen and Guo, Deke and Li, Xin and Shi, Shouqian and Chen, Honghui},
 booktitle = {2019 {{IEEE}} 39th {{International Conference}} on {{Distributed Computing Systems}} ({{ICDCS}})},
 doi = {10.1109/ICDCS.2019.00106},
 issn = {2575-8411, 1063-6927},
 month = {jul},
 pages = {1029--1039},
 title = {Efficient {{Data Placement}} and {{Retrieval Services}} in {{Edge Computing}}},
 year = {2019}
}

@inproceedings{xie2019pragh,
 address = {{Renton, WA, USA,}},
 author = {Xie, Xiating and Wei, Xingda and Chen, Rong and Chen, Haibo},
 booktitle = {2019 \{\vphantom\}{{USENIX}}\vphantom\{\} {{Annual Technical Conference}} (\{\vphantom\}{{USENIX}}\vphantom\{\} \{\vphantom\}{{ATC}}\vphantom\{\} 19)},
 isbn = {978-1-939133-03-8},
 language = {en},
 month = {jul},
 pages = {723--738},
 shorttitle = {Pragh},
 title = {Pragh: {{Locality}}-Preserving {{Graph Traversal}} with {{Split Live Migration}}},
 year = {2019}
}

@article{xing2018distributed,
 author = {Xing, Jiarong and Dai, Hongjun and Yu, Zhilou},
 doi = {10.1016/j.sysarc.2017.11.002},
 issn = {1383-7621},
 journal = {Journal of Systems Architecture},
 month = {feb},
 pages = {1--11},
 title = {A Distributed Multi-Level Model with Dynamic Replacement for the Storage of Smart Edge Computing},
 volume = {83},
 year = {2018}
}

@inproceedings{xu2015capacitated,
 author = {Xu, Z. and Liang, W. and Xu, W. and Jia, M. and Guo, S.},
 booktitle = {2015 {{IEEE}} 40th {{Conference}} on {{Local Computer Networks}} ({{LCN}})},
 doi = {10.1109/LCN.2015.7366372},
 month = {oct},
 pages = {570--578},
 title = {Capacitated Cloudlet Placements in {{Wireless Metropolitan Area Networks}}},
 year = {2015}
}

@inproceedings{xu2016caople,
 author = {Xu, C. and Zhu, H. and Bayley, I. and Lightfoot, D. and Green, M. and Marshall, P.},
 booktitle = {2016 {{IEEE Symposium}} on {{Service}}-{{Oriented System Engineering}} ({{SOSE}})},
 doi = {10.1109/SOSE.2016.46},
 month = {mar},
 pages = {34--43},
 shorttitle = {{{CAOPLE}}},
 title = {{{CAOPLE}}: {{A Programming Language}} for {{Microservices SaaS}}},
 year = {2016}
}

@article{xu2016efficient,
 author = {Xu, Z. and Liang, W. and Xu, W. and Jia, M. and Guo, S.},
 doi = {10.1109/TPDS.2015.2510638},
 issn = {1045-9219},
 journal = {IEEE Transactions on Parallel and Distributed Systems},
 month = {oct},
 number = {10},
 pages = {2866--2880},
 title = {Efficient {{Algorithms}} for {{Capacitated Cloudlet Placements}}},
 volume = {27},
 year = {2016}
}

@inproceedings{xu2017exploiting,
 author = {Xu, S. and Liu, P. and Panwar, S. S.},
 booktitle = {2017 {{IEEE International Conference}} on {{Communications}} ({{ICC}})},
 doi = {10.1109/ICC.2017.7996450},
 month = {may},
 pages = {1--5},
 title = {Exploiting Network Similarity for Latency Prediction of Edge Devices},
 year = {2017}
}

@inproceedings{xu2018deepcache,
 address = {{New York, NY, USA}},
 author = {Xu, Mengwei and Zhu, Mengze and Liu, Yunxin and Lin, Felix Xiaozhu and Liu, Xuanzhe},
 booktitle = {Proceedings of the 24th {{Annual International Conference}} on {{Mobile Computing}} and {{Networking}}},
 doi = {10.1145/3241539.3241563},
 isbn = {978-1-4503-5903-0},
 pages = {129--144},
 publisher = {{ACM}},
 series = {{{MobiCom}} '18},
 shorttitle = {{{DeepCache}}},
 title = {{{DeepCache}}: {{Principled Cache}} for {{Mobile Deep Vision}}},
 year = {2018}
}

@inproceedings{xu2018joint,
 author = {Xu, J. and Chen, L. and Zhou, P.},
 booktitle = {{{IEEE INFOCOM}} 2018 - {{IEEE Conference}} on {{Computer Communications}}},
 doi = {10.1109/INFOCOM.2018.8485977},
 month = {apr},
 pages = {207--215},
 title = {Joint {{Service Caching}} and {{Task Offloading}} for {{Mobile Edge Computing}} in {{Dense Networks}}},
 year = {2018}
}

@inproceedings{xu2019analyzing,
 address = {{Orlando, Florida}},
 author = {Xu, Tan and Han, Bo and Qian, Feng},
 booktitle = {Proceedings of the 15th {{International Conference}} on {{Emerging Networking Experiments And Technologies}}},
 doi = {10.1145/3359989.3365413},
 isbn = {978-1-4503-6998-5},
 pages = {165--171},
 publisher = {{ACM}},
 series = {{{CoNEXT}} '19},
 title = {Analyzing {{Viewport Prediction Under Different VR Interactions}}},
 year = {2019}
}

@article{xu2019task,
 author = {Xu, Zichuan and Liang, Weifa and Jia, Mike and Huang, Meitian and Mao, Guoqiang},
 doi = {10.1109/TMC.2018.2877623},
 issn = {2161-9875},
 journal = {IEEE Transactions on Mobile Computing},
 month = {nov},
 number = {11},
 pages = {2672--2685},
 title = {Task {{Offloading}} with {{Network Function Requirements}} in a {{Mobile Edge}}-{{Cloud Network}}},
 volume = {18},
 year = {2019}
}

@article{xujoint,
 author = {Xu, Jie and Chen, Lixing and Zhou, Pan},
 language = {en},
 pages = {9},
 title = {Joint {{Service Caching}} and {{Task Offloading}} for {{Mobile Edge Computing}} in {{Dense Networks}}}
}

@inproceedings{yala2017balancing,
 author = {Yala, L. and Frangoudis, P. A. and Lucarelli, G. and Ksentini, A.},
 booktitle = {{{GLOBECOM}} 2017 - 2017 {{IEEE Global Communications Conference}}},
 doi = {10.1109/GLOCOM.2017.8254051},
 month = {dec},
 pages = {1--7},
 title = {Balancing between {{Cost}} and {{Availability}} for {{CDNaaS Resource Placement}}},
 year = {2017}
}

@article{yang2016cost,
 author = {Yang, Lei and Cao, Jiannong and Liang, Guanqing and Han, Xu},
 doi = {10.1109/TC.2015.2435781},
 issn = {0018-9340},
 journal = {IEEE Transactions on Computers},
 month = {may},
 number = {5},
 pages = {1440--1452},
 title = {Cost {{Aware Service Placement}} and {{Load Dispatching}} in {{Mobile Cloud Systems}}},
 volume = {65},
 year = {2016}
}

@inproceedings{yang2017survey,
 author = {Yang, L. and Liu, L. and Fan, Q.},
 booktitle = {2017 18th {{International Conference}} on {{Parallel}} and {{Distributed Computing}}, {{Applications}} and {{Technologies}} ({{PDCAT}})},
 doi = {10.1109/PDCAT.2017.00065},
 month = {dec},
 pages = {354--359},
 title = {A {{Survey}} of {{User Preferences Oriented Service Selection}} and {{Deployment}} in {{Multi}}-{{Cloud Environment}}},
 year = {2017}
}

@article{yang2019cloudlet,
 author = {Yang, S. and Li, F. and Shen, M. and Chen, X. and Fu, X. and Wang, Y.},
 doi = {10.1109/JIOT.2019.2907605},
 issn = {2327-4662},
 journal = {IEEE Internet of Things Journal},
 month = {jun},
 number = {3},
 pages = {5853--5863},
 title = {Cloudlet {{Placement}} and {{Task Allocation}} in {{Mobile Edge Computing}}},
 volume = {6},
 year = {2019}
}

@inproceedings{yi2017lavea,
 address = {{New York, NY, USA}},
 author = {Yi, Shanhe and Hao, Zijiang and Zhang, Qingyang and Zhang, Quan and Shi, Weisong and Li, Qun},
 booktitle = {Proceedings of the {{Second ACM}}/{{IEEE Symposium}} on {{Edge Computing}}},
 doi = {10.1145/3132211.3134459},
 isbn = {978-1-4503-5087-7},
 pages = {15:1--15:13},
 publisher = {{ACM}},
 series = {{{SEC}} '17},
 shorttitle = {{{LAVEA}}},
 title = {{{LAVEA}}: {{Latency}}-Aware {{Video Analytics}} on {{Edge Computing Platform}}},
 year = {2017}
}

@article{yin2017edge,
 author = {Yin, H. and Zhang, X. and Liu, H. H. and Luo, Y. and Tian, C. and Zhao, S. and Li, F.},
 doi = {10.1109/TPDS.2016.2604803},
 issn = {1045-9219},
 journal = {IEEE Transactions on Parallel and Distributed Systems},
 month = {apr},
 number = {4},
 pages = {1031--1045},
 title = {Edge {{Provisioning}} with {{Flexible Server Placement}}},
 volume = {28},
 year = {2017}
}

@inproceedings{yu2006spc102,
 author = {Yu, David D. and Cioffi, John M.},
 booktitle = {{{IEEE Globecom}} 2006},
 doi = {10.1109/GLOCOM.2006.587},
 issn = {1930-529X},
 month = {nov},
 pages = {1--5},
 shorttitle = {{{SPC10}}-2},
 title = {{{SPC10}}-2: {{Iterative Water}}-Filling for {{Optimal Resource Allocation}} in {{OFDM Multiple}}-{{Access}} and {{Broadcast Channels}}},
 year = {2006}
}

@inproceedings{yu2017autonomous,
 author = {Yu, L. and Shao, X. and Yan, X.},
 booktitle = {2017 {{IEEE International Conference}} on {{Robotics}} and {{Biomimetics}} ({{ROBIO}})},
 doi = {10.1109/ROBIO.2017.8324756},
 month = {dec},
 pages = {2267--2272},
 title = {Autonomous Overtaking Decision Making of Driverless Bus Based on Deep {{Q}}-Learning Method},
 year = {2017}
}

@inproceedings{yu2019load,
 author = {Yu, R. and Kilari, V. T. and Xue, G. and Yang, D.},
 booktitle = {{{IEEE INFOCOM}} 2019 - {{IEEE Conference}} on {{Computer Communications}}},
 doi = {10.1109/INFOCOM.2019.8737450},
 month = {apr},
 pages = {298--306},
 title = {Load {{Balancing}} for {{Interdependent IoT Microservices}}},
 year = {2019}
}

@article{yu2019premigration,
 author = {Yu, X. and Guan, M. and Liao, M. and Fan, X.},
 doi = {10.1109/ACCESS.2018.2888478},
 issn = {2169-3536},
 journal = {IEEE Access},
 pages = {3722--3730},
 title = {Pre-{{Migration}} of {{Vehicle}} to {{Network Services Based}} on {{Priority}} in {{Mobile Edge Computing}}},
 volume = {7},
 year = {2019}
}

@inproceedings{zaw2019cost,
 author = {Zaw, C. W. and Ei, N. N. and Im, H. Y. Reum and Tun, Y. K. and Hong, C. S.},
 booktitle = {2019 {{IEEE International Conference}} on {{Big Data}} and {{Smart Computing}} ({{BigComp}})},
 doi = {10.1109/BIGCOMP.2019.8679304},
 month = {feb},
 pages = {1--7},
 shorttitle = {Cost and {{Latency Tradeoff}} in {{Mobile Edge Computing}}},
 title = {Cost and {{Latency Tradeoff}} in {{Mobile Edge Computing}}: {{A Distributed Game Approach}}},
 year = {2019}
}

@article{zeng2019costeffective,
 author = {Zeng, Feng and Ren, Yongzheng and Deng, Xiaoheng and Li, Wenjia},
 copyright = {http://creativecommons.org/licenses/by/3.0/},
 doi = {10.3390/s19010032},
 journal = {Sensors},
 language = {en},
 month = {jan},
 number = {1},
 pages = {32},
 title = {Cost-{{Effective Edge Server Placement}} in {{Wireless Metropolitan Area Networks}}},
 volume = {19},
 year = {2019}
}

@inproceedings{zeng2019joint,
 author = {Zeng, Yiming and Huang, Yaodong and Liu, Zhenhua and Yang, Yuanyuan},
 booktitle = {2019 {{IEEE}} 39th {{International Conference}} on {{Distributed Computing Systems}} ({{ICDCS}})},
 doi = {10.1109/ICDCS.2019.00096},
 issn = {2575-8411, 1063-6927},
 month = {jul},
 pages = {923--933},
 title = {Joint {{Online Edge Caching}} and {{Load Balancing}} for {{Mobile Data Offloading}} in {{5G Networks}}},
 year = {2019}
}

@inproceedings{zhang2017efficient,
 address = {{New York, NY, USA}},
 author = {Zhang, Wuyang and Chen, Jiachen and Zhang, Yanyong and Raychaudhuri, Dipankar},
 booktitle = {Proceedings of the {{Second ACM}}/{{IEEE Symposium}} on {{Edge Computing}}},
 doi = {10.1145/3132211.3134463},
 isbn = {978-1-4503-5087-7},
 pages = {8:1--8:14},
 publisher = {{ACM}},
 series = {{{SEC}} '17},
 title = {Towards {{Efficient Edge Cloud Augmentation}} for {{Virtual Reality MMOGs}}},
 year = {2017}
}

@article{zhang2018enhanced,
 author = {Zhang, Yiwen and Wang, Kaibin and Zhou, Yuanyuan and He, Qiang},
 doi = {10.1155/2018/1937670},
 journal = {Security and Communication Networks},
 language = {en},
 title = {Enhanced {{Adaptive Cloudlet Placement Approach}} for {{Mobile Application}} on {{Spark}}},
 year = {2018}
}

@article{zhang2018resource,
 author = {Zhang, Y.},
 doi = {10.1109/TMC.2017.2734083},
 issn = {1536-1233},
 journal = {IEEE Transactions on Mobile Computing},
 month = {mar},
 number = {3},
 pages = {675--687},
 title = {Resource {{Scheduling}} and {{Delay Analysis}} for {{Workflow}} in {{Wireless Small Cloud}}},
 volume = {17},
 year = {2018}
}

@inproceedings{zhang2019heteroedge,
 author = {Zhang, Wuyang and Li, Sugang and Liu, Luyang and Jia, Zhenhua and Zhang, Yanyong and Raychaudhuri, Dipankar},
 booktitle = {{{IEEE INFOCOM}} 2019 - {{IEEE Conference}} on {{Computer Communications}}},
 doi = {10.1109/INFOCOM.2019.8737478},
 issn = {0743-166X},
 month = {apr},
 pages = {1270--1278},
 shorttitle = {Hetero-{{Edge}}},
 title = {[罗格斯-张午阳]{{Hetero}}-{{Edge}}: {{Orchestration}} of {{Real}}-Time {{Vision Applications}} on {{Heterogeneous Edge Clouds}}},
 year = {2019}
}

@inproceedings{zhang2019integrated,
 author = {Zhang, D. Y. and Wang, D.},
 booktitle = {{{IEEE INFOCOM}} 2019 - {{IEEE Conference}} on {{Computer Communications}}},
 doi = {10.1109/INFOCOM.2019.8737409},
 month = {apr},
 pages = {766--774},
 title = {An {{Integrated Top}}-down and {{Bottom}}-up {{Task Allocation Approach}} in {{Social Sensing}} Based {{Edge Computing Systems}}},
 year = {2019}
}

@inproceedings{zhang2019openei,
 author = {Zhang, Xingzhou and Wang, Yifan and Lu, Sidi and Liu, Liangkai and {xu}, Lanyu and Shi, Weisong},
 booktitle = {2019 {{IEEE}} 39th {{International Conference}} on {{Distributed Computing Systems}} ({{ICDCS}})},
 doi = {10.1109/ICDCS.2019.00182},
 issn = {2575-8411, 1063-6927},
 month = {jul},
 pages = {1840--1851},
 shorttitle = {{{OpenEI}}},
 title = {{{OpenEI}}: {{An Open Framework}} for {{Edge Intelligence}}},
 year = {2019}
}

@article{zhang2019reducing,
 author = {Zhang, Fei and Liu, Guangming and Zhao, Bo and Fu, Xiaoming and Yahyapour, Ramin},
 copyright = {\textcopyright{} 2018 John Wiley \& Sons, Ltd.},
 doi = {10.1002/spe.2642},
 issn = {1097-024X},
 journal = {Software: Practice and Experience},
 language = {en},
 number = {4},
 pages = {673--693},
 title = {Reducing the Network Overhead of User Mobility\textendash{}Induced Virtual Machine Migration in Mobile Edge Computing},
 volume = {49},
 year = {2019}
}

@article{zhang2019task,
 author = {Zhang, Cheng and Zheng, Zixuan},
 doi = {10.1016/j.future.2019.01.059},
 issn = {0167-739X},
 journal = {Future Generation Computer Systems},
 month = {jul},
 pages = {111--118},
 title = {Task Migration for Mobile Edge Computing Using Deep Reinforcement Learning},
 volume = {96},
 year = {2019}
}

@article{zhao2017timing,
 author = {Zhao, Luxi and Pop, Paul and Li, Qiao and Chen, Junyan and Xiong, Huagang},
 doi = {10.1007/s11241-016-9265-0},
 issn = {1573-1383},
 journal = {Real-Time Systems},
 language = {en},
 month = {mar},
 number = {2},
 pages = {254--287},
 title = {Timing Analysis of Rate-Constrained Traffic in {{TTEthernet}} Using Network Calculus},
 volume = {53},
 year = {2017}
}

@article{zhao2018optimal,
 author = {Zhao, Lei and Liu, Jiajia},
 doi = {10.1109/TVT.2018.2808171},
 issn = {0018-9545, 1939-9359},
 journal = {IEEE Transactions on Vehicular Technology},
 pages = {1--1},
 title = {Optimal {{Placement}} of {{Virtual Machines}} for {{Supporting Multiple Applications}} in {{Mobile Edge Networks}}},
 year = {2018}
}

@article{zhao2018optimala,
 author = {Zhao, L. and Sun, W. and Shi, Y. and Liu, J.},
 doi = {10.1109/JIOT.2018.2811808},
 issn = {2327-4662},
 journal = {IEEE Internet of Things Journal},
 month = {apr},
 number = {2},
 pages = {1334--1344},
 title = {Optimal {{Placement}} of {{Cloudlets}} for {{Access Delay Minimization}} in {{SDN}}-{{Based Internet}} of {{Things Networks}}},
 volume = {5},
 year = {2018}
}

@inproceedings{zhao2018time,
 author = {Zhao, P. and D{\'a}n, G.},
 booktitle = {2018 30th {{International Teletraffic Congress}} ({{ITC}} 30)},
 doi = {10.1109/ITC30.2018.00017},
 month = {sep},
 pages = {64--72},
 title = {Time {{Constrained Service}}-{{Aware Migration}} of {{Virtualized Services}} for {{Mobile Edge Computing}}},
 volume = {01},
 year = {2018}
}

@article{zhao2019survey,
 author = {Zhao, Y. and Li, Y. and Zhang, X. and Geng, G. and Zhang, W. and Sun, Y.},
 doi = {10.1109/ACCESS.2019.2928564},
 journal = {IEEE Access},
 pages = {95397--95417},
 title = {A {{Survey}} of {{Networking Applications Applying}} the {{Software Defined Networking Concept Based}} on {{Machine Learning}}},
 volume = {7},
 year = {2019}
}

@inproceedings{zheng2017rankingbased,
 author = {Zheng, X. and Xu, L. D. and Chai, S.},
 booktitle = {2017 {{IEEE International Conference}} on {{Edge Computing}} ({{EDGE}})},
 doi = {10.1109/IEEE.EDGE.2017.26},
 month = {jun},
 pages = {136--141},
 title = {Ranking-{{Based Cloud Service Recommendation}}},
 year = {2017}
}

@inproceedings{zheng2019octansa,
 author = {Zheng, Z. and Bi, J. and Yu, H. and Wang, H. and Sun, C. and Hu, H. and Wu, J.},
 booktitle = {{{IEEE INFOCOM}} 2019 - {{IEEE Conference}} on {{Computer Communications}}},
 doi = {10.1109/INFOCOM.2019.8737544},
 month = {apr},
 pages = {307--315},
 shorttitle = {Octans},
 title = {Octans: {{Optimal Placement}} of {{Service Function Chains}} in {{Many}}-{{Core Systems}}},
 year = {2019}
}

@article{zhou2018data,
 author = {Zhou, J. and Chen, Z. and Wang, J. and Zheng, Z. and Lyu, M. R.},
 doi = {10.1109/TSC.2015.2491286},
 issn = {1939-1374},
 journal = {IEEE Transactions on Services Computing},
 month = {jul},
 number = {4},
 pages = {699--712},
 title = {A {{Data Set}} for {{User Request Trace}}-{{Oriented Monitoring}} and Its {{Applications}}},
 volume = {11},
 year = {2018}
}

@article{zhou2018scheduling,
 author = {Zhou, R. and Li, Z. and Wu, C.},
 doi = {10.1109/TNET.2017.2781200},
 issn = {1063-6692},
 journal = {IEEE/ACM Transactions on Networking},
 month = {feb},
 number = {1},
 pages = {436--450},
 title = {Scheduling {{Frameworks}} for {{Cloud Container Services}}},
 volume = {26},
 year = {2018}
}

@article{zhou2019edge,
 author = {Zhou, Zhi and Chen, Xu and Li, En and Zeng, Liekang and Luo, Ke and Zhang, Junshan},
 doi = {10.1109/JPROC.2019.2918951},
 issn = {0018-9219, 1558-2256},
 journal = {Proceedings of the IEEE},
 month = {aug},
 number = {8},
 pages = {1738--1762},
 shorttitle = {Edge {{Intelligence}}},
 title = {Edge {{Intelligence}}: {{Paving}} the {{Last Mile}} of {{Artificial Intelligence With Edge Computing}}},
 volume = {107},
 year = {2019}
}

@inproceedings{zhu2017availabilityaware,
 author = {Zhu, H. and Huang, C.},
 booktitle = {{{GLOBECOM}} 2017 - 2017 {{IEEE Global Communications Conference}}},
 doi = {10.1109/GLOCOM.2017.8254591},
 month = {dec},
 pages = {1--6},
 title = {Availability-{{Aware Mobile Edge Application Placement}} in {{5G Networks}}},
 year = {2017}
}

@article{zhu2017location,
 author = {Zhu, Xiaolu and Li, Jinglin and Liu, Zhihan and Yang, Fangchun},
 doi = {10.1177/1550147717711621},
 journal = {International Journal of Distributed Sensor Networks},
 language = {en},
 month = {jun},
 shorttitle = {Location Deployment of Depots and Resource Relocation for Connected Car-Sharing Systems through Mobile Edge Computing},
 title = {Location Deployment of Depots and Resource Relocation for Connected Car-Sharing Systems through Mobile Edge Computing:},
 year = {2017}
}

@inproceedings{zhu2017monitoring,
 author = {Zhu, Y. and Ma, J. and An, B. and Cao, D.},
 booktitle = {Proceedings of the  37th {{IEEE International Conference}} on {{Distributed Computing Systems Workshops}} ({{ICDCSW}} 2017)},
 doi = {10.1109/ICDCSW.2017.73},
 month = {jun},
 pages = {325--329},
 title = {Monitoring and {{Billing}} of {{A Lightweight Cloud System Based}} on {{Linux Container}}},
 year = {2017}
}

@article{zhu2018edgeplace,
 author = {Zhu, He and Huang, Changcheng},
 copyright = {\textcopyright{} 2018 John Wiley \& Sons, Ltd.},
 doi = {10.1002/ett.3504},
 issn = {2161-3915},
 journal = {Transactions on Emerging Telecommunications Technologies},
 language = {en},
 number = {11},
 pages = {e3504},
 shorttitle = {{{EdgePlace}}},
 title = {{{EdgePlace}}: {{Availability}}-Aware Placement for Chained Mobile Edge Applications},
 volume = {29},
 year = {2018}
}

@article{zhu2019centralized,
 author = {Zhu, Sheng and Sun, Zhen and Lu, Yong and Zhang, Lianming and Wei, Yehua and Min, Geyong},
 doi = {10.1109/ACCESS.2019.2943518},
 issn = {2169-3536},
 journal = {IEEE Access},
 pages = {146566--146576},
 title = {【!!】{{Centralized QoS Routing Using Network Calculus}} for {{SDN}}-{{Based Streaming Media Networks}}},
 volume = {7},
 year = {2019}
}

@article{zipf1929relative,
 author = {Zipf, George Kingsley},
 doi = {10.2307/310585},
 issn = {0073-0688},
 journal = {Harvard Studies in Classical Philology},
 pages = {1--95},
 title = {Relative {{Frequency}} as a {{Determinant}} of {{Phonetic Change}}},
 volume = {40},
 year = {1929}
}

