@article{al-shuwaili2017energyefficient,
 author = {{Al-Shuwaili}, A. and Simeone, O.},
 doi = {10.1109/LWC.2017.2696539},
 issn = {2162-2337},
 journal = {IEEE Wireless Communications Letters},
 month = {jun},
 number = {3},
 pages = {398--401},
 title = {Energy-{{Efficient Resource Allocation}} for {{Mobile Edge Computing}}-{{Based Augmented Reality Applications}}},
 volume = {6},
 year = {2017}
}

@inproceedings{alam2016multiagent,
 author = {Alam, M. G. R. and Tun, Y. K. and Hong, C. S.},
 booktitle = {2016 {{International Conference}} on {{Information Networking}} ({{ICOIN}})},
 doi = {10.1109/ICOIN.2016.7427078},
 month = {jan},
 pages = {285--290},
 title = {Multi-Agent and Reinforcement Learning Based Code Offloading in Mobile Fog},
 year = {2016}
}

@article{arulkumaran2017deep,
 author = {Arulkumaran, K. and Deisenroth, M. P. and Brundage, M. and Bharath, A. A.},
 doi = {10.1109/MSP.2017.2743240},
 issn = {1053-5888},
 journal = {IEEE Signal Processing Magazine},
 month = {nov},
 number = {6},
 pages = {26--38},
 shorttitle = {Deep {{Reinforcement Learning}}},
 title = {Deep {{Reinforcement Learning}}: {{A Brief Survey}}},
 volume = {34},
 year = {2017}
}

@inproceedings{auyoung2006service,
 author = {AuYoung, A. and Grit, L. and Wiener, J. and Wilkes, J.},
 booktitle = {Proceedings of {{IEEE International Conference}} on {{High Performance Distributed Computing}} ({{HPDC}} 2006)},
 doi = {10.1109/HPDC.2006.1652143},
 month = {jun},
 pages = {119--131},
 title = {Service Contracts and Aggregate Utility Functions},
 year = {2006}
}

@inproceedings{brandherm2019learningbased,
 address = {{Dresden, Germany}},
 author = {Brandherm, Florian and Wang, Lin and M{\"u}hlh{\"a}user, Max},
 booktitle = {Proceedings of the {{2Nd International Workshop}} on {{Edge Systems}}, {{Analytics}} and {{Networking}}},
 doi = {10.1145/3301418.3313939},
 isbn = {978-1-4503-6275-7},
 month = {mar},
 pages = {12--17},
 publisher = {{ACM}},
 series = {{{EdgeSys}} '19},
 title = {A {{Learning}}-Based {{Framework}} for {{Optimizing Service Migration}} in {{Mobile Edge Clouds}}},
 year = {2019}
}

@inproceedings{breslau1999web,
 address = {{New York, NY, USA}},
 author = {Breslau, L. and {Pei Cao} and {Li Fan} and Phillips, G. and Shenker, S.},
 booktitle = {{{IEEE INFOCOM}} '99. {{Conference}} on {{Computer Communications}}. {{Proceedings}}. {{Eighteenth Annual Joint Conference}} of the {{IEEE Computer}} and {{Communications Societies}}. {{The Future}} Is {{Now}} ({{Cat}}. {{No}}.{{99CH36320}})},
 doi = {10.1109/INFCOM.1999.749260},
 isbn = {978-0-7803-5417-3},
 pages = {126-134 vol.1},
 publisher = {{IEEE}},
 shorttitle = {Web Caching and {{Zipf}}-like Distributions},
 title = {Web Caching and {{Zipf}}-like Distributions: Evidence and Implications},
 year = {1999}
}

@article{ceselli2017mobile,
 author = {Ceselli, Alberto and Premoli, Marco and Secci, Stefano},
 doi = {10.1109/TNET.2017.2652850},
 issn = {1558-2566},
 journal = {IEEE/ACM Transactions on Networking},
 month = {jun},
 number = {3},
 pages = {1818--1831},
 title = {Mobile {{Edge Cloud Network Design Optimization}}},
 volume = {25},
 year = {2017}
}

@article{chantre2018multiobjective,
 author = {Chantre, H. D. and da Fonseca, N. L. S.},
 doi = {10.1109/JSAC.2018.2869966},
 issn = {0733-8716},
 journal = {IEEE Journal on Selected Areas in Communications},
 month = {oct},
 number = {10},
 pages = {2304--2317},
 title = {Multi-{{Objective Optimization}} for {{Edge Device Placement}} and {{Reliable Broadcasting}} in {{5G NFV}}-{{Based Small Cell Networks}}},
 volume = {36},
 year = {2018}
}

@inproceedings{chen2017computation,
 author = {Chen, L. and Xu, J. and Zhou, S.},
 booktitle = {Proceedings of {{IEEE Global Communications Conference}} ({{GLOBECOM}} 2017)},
 doi = {10.1109/GLOCOM.2017.8255052},
 month = {dec},
 pages = {1--6},
 title = {Computation {{Peer Offloading}} in {{Mobile Edge Computing}} with {{Energy Budgets}}},
 year = {2017}
}

@article{chen2018computation,
 author = {Chen, L. and Zhou, S. and Xu, J.},
 doi = {10.1109/TNET.2018.2841758},
 issn = {1063-6692},
 journal = {IEEE/ACM Transactions on Networking},
 month = {aug},
 number = {4},
 pages = {1619--1632},
 title = {Computation {{Peer Offloading}} for {{Energy}}-{{Constrained Mobile Edge Computing}} in {{Small}}-{{Cell Networks}}},
 volume = {26},
 year = {2018}
}

@article{dayarathna2016data,
 author = {Dayarathna, M. and Wen, Y. and Fan, R.},
 doi = {10.1109/COMST.2015.2481183},
 issn = {1553-877X},
 journal = {IEEE Communications Surveys Tutorials},
 note = {complete},
 number = {1},
 pages = {732--794},
 shorttitle = {Data {{Center Energy Consumption Modeling}}},
 title = {Data {{Center Energy Consumption Modeling}}: {{A Survey}}},
 volume = {18},
 year = {Firstquarter 2016}
}

@article{ding2019beef,
 author = {Ding, Haichuan and Guo, Yuanxiong and Li, Xuanheng and Fang, Yuguang},
 doi = {10.1109/TMC.2018.2883952},
 issn = {2161-9875},
 journal = {IEEE Transactions on Mobile Computing},
 month = {dec},
 number = {12},
 pages = {2783--2795},
 shorttitle = {Beef {{Up}} the {{Edge}}},
 title = {Beef {{Up}} the {{Edge}}: {{Spectrum}}-{{Aware Placement}} of {{Edge Computing Services}} for the {{Internet}} of {{Things}}},
 volume = {18},
 year = {2019}
}

@inproceedings{dong2013joint,
 author = {Dong, X. and {El-Gorashi}, T. E. H. and Elmirghani, J. M. H.},
 booktitle = {Proceedings of {{IEEE International Conference}} on {{Communications}} ({{ICC}} 2013)},
 doi = {10.1109/ICC.2013.6654885},
 month = {jun},
 pages = {2370--2375},
 title = {Joint Optimization of Power, Electricity Cost and Delay in {{IP}} over {{WDM}} Networks},
 year = {2013}
}

@article{emmerich2018tutorial,
 author = {Emmerich, Michael T. M. and Deutz, Andr{\'e} H.},
 doi = {10.1007/s11047-018-9685-y},
 issn = {1572-9796},
 journal = {Natural Computing},
 language = {en},
 month = {sep},
 number = {3},
 pages = {585--609},
 shorttitle = {A Tutorial on Multiobjective Optimization},
 title = {A Tutorial on Multiobjective Optimization: Fundamentals and Evolutionary Methods},
 volume = {17},
 year = {2018}
}

@inproceedings{fan2017cost,
 author = {Fan, Q. and Ansari, N.},
 booktitle = {Proceedings of {{IEEE International Conference}} on {{Communications}} ({{ICC}} 2017)},
 doi = {10.1109/ICC.2017.7996722},
 month = {may},
 pages = {1--6},
 title = {Cost {{Aware}} Cloudlet {{Placement}} for Big Data Processing at the Edge},
 year = {2017}
}

@article{jia2017optimal,
 author = {Jia, M. and Cao, J. and Liang, W.},
 doi = {10.1109/TCC.2015.2449834},
 issn = {2168-7161},
 journal = {IEEE Transactions on Cloud Computing},
 month = {oct},
 number = {4},
 pages = {725--737},
 title = {Optimal {{Cloudlet Placement}} and {{User}} to {{Cloudlet Allocation}} in {{Wireless Metropolitan Area Networks}}},
 volume = {5},
 year = {2017}
}

@article{jin2018cooperative,
 author = {Jin, Jiahui and Li, Yunhao and Luo, Junzhou},
 copyright = {\textcopyright{} 2018 John Wiley \& Sons, Ltd.},
 doi = {10.1002/cpe.4914},
 issn = {1532-0634},
 journal = {Concurrency and Computation: Practice and Experience},
 language = {en},
 month = {oct},
 number = {20},
 pages = {e4914},
 title = {Cooperative Storage by Exploiting Graph-Based Data Placement Algorithm for Edge Computing Environment},
 volume = {30},
 year = {2018}
}

@inproceedings{li2018energyaware,
 author = {Li, Y. and Wang, S.},
 booktitle = {Proceedings of  {{IEEE International Conference}} on {{Edge Computing}} ({{EDGE}} 2018)},
 doi = {10.1109/EDGE.2018.00016},
 month = {jul},
 pages = {66--73},
 title = {An {{Energy}}-{{Aware Edge Server Placement Algorithm}} in {{Mobile Edge Computing}}},
 year = {2018}
}

@inproceedings{meng2017cloudlet,
 author = {Meng, J. and Shi, W. and Tan, H. and Li, X.},
 booktitle = {Proceedings of  the 3rd {{International Conference}} on {{Big Data Computing}} and {{Communications}} ({{BIGCOM}} 2017)},
 doi = {10.1109/BIGCOM.2017.58},
 month = {aug},
 pages = {297--304},
 title = {Cloudlet {{Placement}} and {{Minimum}}-{{Delay Routing}} in {{Cloudlet Computing}}},
 year = {2017}
}

@article{rodrigues2018cloudlets,
 author = {Rodrigues, Tiago Gama and Suto, Katsuya and Nishiyama, Hiroki and Kato, Nei and Temma, Katsuhiro},
 doi = {10.1109/TC.2018.2818144},
 issn = {0018-9340},
 journal = {IEEE Transactions on Computers},
 month = {sep},
 number = {9},
 pages = {1287--1300},
 title = {Cloudlets {{Activation Scheme}} for {{Scalable Mobile Edge Computing}} with {{Transmission Power Control}} and {{Virtual Machine Migration}}},
 volume = {67},
 year = {2018}
}

@inproceedings{santoyo-gonzalez2018edge,
 author = {{Santoyo-Gonz{\'a}lez}, A. and {Cervell{\'o}-Pastor}, C.},
 booktitle = {Proceedings of {{IEEE Conference}} on {{Standards}} for {{Communications}} and {{Networking}} ({{CSCN}} 2018)},
 doi = {10.1109/CSCN.2018.8581749},
 month = {oct},
 pages = {1--6},
 title = {Edge {{Nodes Infrastructure Placement Parameters}} for {{5G Networks}}},
 year = {2018}
}

@article{wang2018edge,
 author = {Wang, Shangguang and Zhao, Yali and Xu, Jinlinag and Yuan, Jie and Hsu, Ching-Hsien},
 doi = {10.1016/j.jpdc.2018.06.008},
 issn = {0743-7315},
 journal = {Journal of Parallel and Distributed Computing},
 month = {jun},
 note = {complete},
 pages = {160--168},
 title = {Edge Server Placement in Mobile Edge Computing},
 volume = {127},
 year = {2018}
}

@article{xu2016efficient,
 author = {Xu, Z. and Liang, W. and Xu, W. and Jia, M. and Guo, S.},
 doi = {10.1109/TPDS.2015.2510638},
 issn = {1045-9219},
 journal = {IEEE Transactions on Parallel and Distributed Systems},
 month = {oct},
 number = {10},
 pages = {2866--2880},
 title = {Efficient {{Algorithms}} for {{Capacitated Cloudlet Placements}}},
 volume = {27},
 year = {2016}
}

@article{yin2017edge,
 author = {Yin, H. and Zhang, X. and Liu, H. H. and Luo, Y. and Tian, C. and Zhao, S. and Li, F.},
 doi = {10.1109/TPDS.2016.2604803},
 issn = {1045-9219},
 journal = {IEEE Transactions on Parallel and Distributed Systems},
 month = {apr},
 number = {4},
 pages = {1031--1045},
 title = {Edge {{Provisioning}} with {{Flexible Server Placement}}},
 volume = {28},
 year = {2017}
}

@article{zhao2018optimala,
 author = {Zhao, L. and Sun, W. and Shi, Y. and Liu, J.},
 doi = {10.1109/JIOT.2018.2811808},
 issn = {2327-4662},
 journal = {IEEE Internet of Things Journal},
 month = {apr},
 number = {2},
 pages = {1334--1344},
 title = {Optimal {{Placement}} of {{Cloudlets}} for {{Access Delay Minimization}} in {{SDN}}-{{Based Internet}} of {{Things Networks}}},
 volume = {5},
 year = {2018}
}

