
@article{dayarathna2016data,
  title = {Data {{Center Energy Consumption Modeling}}: {{A Survey}}},
  volume = {18},
  issn = {1553-877X},
  shorttitle = {Data {{Center Energy Consumption Modeling}}},
  number = {1},
  journal = {IEEE Communications Surveys Tutorials},
  doi = {10.1109/COMST.2015.2481183},
  author = {Dayarathna, M. and Wen, Y. and Fan, R.},
  year = {2016},
  pages = {732-794}
}

@article{shi2016edge,
  title = {Edge {{Computing}}: {{Vision}} and {{Challenges}}},
  volume = {3},
  issn = {2327-4662},
  shorttitle = {Edge {{Computing}}},
  number = {5},
  journal = {IEEE Internet of Things Journal},
  doi = {10.1109/JIOT.2016.2579198},
  author = {Shi, Weisong and Cao, Jie and Zhang, Quan and Li, Youhuizi and Xu, Lanyu},
  year = {2016},
  pages = {637-646}
}

@article{rodrigues2018cloudlets,
  title = {Cloudlets {{Activation Scheme}} for {{Scalable Mobile Edge Computing}} with {{Transmission Power Control}} and {{Virtual Machine Migration}}},
  volume = {67},
  issn = {0018-9340},
  number = {9},
  journal = {IEEE Transactions on Computers},
  doi = {10.1109/TC.2018.2818144},
  author = {Rodrigues, T. G. and Suto, K. and Nishiyama, H. and Kato, N. and Temma, K.},
  year = {2018},
  pages = {1287-1300}
}

@article{yin2017edge,
  title = {Edge {{Provisioning}} with {{Flexible Server Placement}}},
  volume = {28},
  issn = {1045-9219},
  number = {4},
  journal = {IEEE Transactions on Parallel and Distributed Systems},
  doi = {10.1109/TPDS.2016.2604803},
  author = {Yin, H. and Zhang, X. and Liu, H. H. and Luo, Y. and Tian, C. and Zhao, S. and Li, F.},
  year = {2017},
  pages = {1031-1045}
}

@inproceedings{fan2017cost,
  title = {Cost {{Aware}} Cloudlet {{Placement}} for Big Data Processing at the Edge},
  booktitle = {Proceedings of {{IEEE International Conference}} on {{Communications}} ({{ICC}} 2017)},
  doi = {10.1109/ICC.2017.7996722},
  author = {Fan, Q. and Ansari, N.},
  year = {2017},
  pages = {1-6}
}

@article{chantre2018multiobjective,
  title = {Multi-{{Objective Optimization}} for {{Edge Device Placement}} and {{Reliable Broadcasting}} in {{5G NFV}}-{{Based Small Cell Networks}}},
  volume = {36},
  issn = {0733-8716},
  number = {10},
  journal = {IEEE Journal on Selected Areas in Communications},
  doi = {10.1109/JSAC.2018.2869966},
  author = {Chantre, H. D. and da Fonseca, N. L. S.},
  year = {2018},
  pages = {2304-2317}
}

@inproceedings{li2018energyaware,
  title = {An {{Energy}}-{{Aware Edge Server Placement Algorithm}} in {{Mobile Edge Computing}}},
  booktitle = {Proceedings of  {{IEEE International Conference}} on {{Edge Computing}} ({{EDGE}} 2018)},
  doi = {10.1109/EDGE.2018.00016},
  author = {Li, Y. and Wang, S.},
  year = {2018},
  pages = {66-73}
}

@inproceedings{dong2013joint,
  title = {Joint Optimization of Power, Electricity Cost and Delay in {{IP}} over {{WDM}} Networks},
  booktitle = {Proceedings of {{IEEE International Conference}} on {{Communications}} ({{ICC}} 2013)},
  doi = {10.1109/ICC.2013.6654885},
  author = {Dong, X. and {El-Gorashi}, T. E. H. and Elmirghani, J. M. H.},
  year = {2013},
  pages = {2370-2375}
}

@inproceedings{santoyo-gonzalez2018edge,
  title = {Edge {{Nodes Infrastructure Placement Parameters}} for {{5G Networks}}},
  booktitle = {Proceedings of {{IEEE Conference}} on {{Standards}} for {{Communications}} and {{Networking}} ({{CSCN}} 2018)},
  doi = {10.1109/CSCN.2018.8581749},
  author = {{Santoyo-Gonz{\'a}lez}, A. and {Cervell{\'o}-Pastor}, C.},
  year = {2018},
  pages = {1-6}
}

@article{wang2018edge,
  title = {Edge Server Placement in Mobile Edge Computing},
  volume = {127},
  issn = {0743-7315},
  journal = {Journal of Parallel and Distributed Computing},
  doi = {10.1016/j.jpdc.2018.06.008},
  author = {Wang, Shangguang and Zhao, Yali and Xu, Jinlinag and Yuan, Jie and Hsu, Ching-Hsien},
  year = {2018},
  pages = {160-168}
}

@article{zhao2018optimala,
  title = {Optimal {{Placement}} of {{Cloudlets}} for {{Access Delay Minimization}} in {{SDN}}-{{Based Internet}} of {{Things Networks}}},
  volume = {5},
  issn = {2327-4662},
  number = {2},
  journal = {IEEE Internet of Things Journal},
  doi = {10.1109/JIOT.2018.2811808},
  author = {Zhao, L. and Sun, W. and Shi, Y. and Liu, J.},
  year = {2018},
  pages = {1334-1344}
}

@article{jia2017optimal,
  title = {Optimal {{Cloudlet Placement}} and {{User}} to {{Cloudlet Allocation}} in {{Wireless Metropolitan Area Networks}}},
  volume = {5},
  issn = {2168-7161},
  number = {4},
  journal = {IEEE Transactions on Cloud Computing},
  doi = {10.1109/TCC.2015.2449834},
  author = {Jia, M. and Cao, J. and Liang, W.},
  year = {2017},
  pages = {725-737}
}

@inproceedings{meng2017cloudlet,
  title = {Cloudlet {{Placement}} and {{Minimum}}-{{Delay Routing}} in {{Cloudlet Computing}}},
  booktitle = {Proceedings of  the 3rd {{International Conference}} on {{Big Data Computing}} and {{Communications}} ({{BIGCOM}} 2017)},
  doi = {10.1109/BIGCOM.2017.58},
  author = {Meng, J. and Shi, W. and Tan, H. and Li, X.},
  year = {2017},
  pages = {297-304}
}

@article{xu2016efficient,
  title = {Efficient {{Algorithms}} for {{Capacitated Cloudlet Placements}}},
  volume = {27},
  issn = {1045-9219},
  number = {10},
  journal = {IEEE Transactions on Parallel and Distributed Systems},
  doi = {10.1109/TPDS.2015.2510638},
  author = {Xu, Z. and Liang, W. and Xu, W. and Jia, M. and Guo, S.},
  year = {2016},
  pages = {2866-2880}
}

@inproceedings{chen2017computation,
  title = {Computation {{Peer Offloading}} in {{Mobile Edge Computing}} with {{Energy Budgets}}},
  booktitle = {Proceedings of {{IEEE Global Communications Conference}} ({{GLOBECOM}} 2017)},
  doi = {10.1109/GLOCOM.2017.8255052},
  author = {Chen, L. and Xu, J. and Zhou, S.},
  year = {2017},
  pages = {1-6}
}

@article{al-shuwaili2017energyefficient,
  title = {Energy-{{Efficient Resource Allocation}} for {{Mobile Edge Computing}}-{{Based Augmented Reality Applications}}},
  volume = {6},
  issn = {2162-2337},
  number = {3},
  journal = {IEEE Wireless Communications Letters},
  doi = {10.1109/LWC.2017.2696539},
  author = {{Al-Shuwaili}, A. and Simeone, O.},
  year = {2017},
  pages = {398-401}
}

@article{chen2018computation,
  title = {Computation {{Peer Offloading}} for {{Energy}}-{{Constrained Mobile Edge Computing}} in {{Small}}-{{Cell Networks}}},
  volume = {26},
  issn = {1063-6692},
  number = {4},
  journal = {IEEE/ACM Transactions on Networking},
  doi = {10.1109/TNET.2018.2841758},
  author = {Chen, L. and Zhou, S. and Xu, J.},
  year = {2018},
  pages = {1619-1632}
}

@inproceedings{auyoung2006service,
  title = {Service Contracts and Aggregate Utility Functions},
  booktitle = {Proceedings of {{IEEE International Conference}} on {{High Performance Distributed Computing}} ({{HPDC}} 2006)},
  doi = {10.1109/HPDC.2006.1652143},
  author = {AuYoung, A. and Grit, L. and Wiener, J. and Wilkes, J.},
  year = {2006},
  pages = {119-131}
}

@inproceedings{kosta2012thinkair,
  title = {{{ThinkAir}}: {{Dynamic}} Resource Allocation and Parallel Execution in the Cloud for Mobile Code Offloading},
  shorttitle = {{{ThinkAir}}},
  booktitle = {Proceedings of {{IEEE Conference}} on {{Computer Communications}} ({{INFOCOM}} 2012)},
  doi = {10.1109/INFCOM.2012.6195845},
  author = {Kosta, S. and Aucinas, A. and {Pan Hui} and Mortier, R. and {Xinwen Zhang}},
  year = {2012},
  pages = {945-953}
}

@article{guo2019energyefficient,
  title = {Energy-{{Efficient Dynamic Computation Offloading}} and {{Cooperative Task Scheduling}} in {{Mobile Cloud Computing}}},
  volume = {18},
  issn = {1536-1233},
  number = {2},
  journal = {IEEE Transactions on Mobile Computing},
  doi = {10.1109/TMC.2018.2831230},
  author = {Guo, S. and Liu, J. and Yang, Y. and Xiao, B. and Li, Z.},
  year = {2019},
  pages = {319-333}
}

@inproceedings{geng2018energyefficient,
  title = {Energy-{{Efficient Computation Offloading}} for {{Multicore}}-{{Based Mobile Devices}}},
  booktitle = {Proceedings of {{IEEE Conference}} on {{Computer Communications}} ({{INFOCOM}} 2018)},
  doi = {10.1109/INFOCOM.2018.8485875},
  author = {Geng, Y. and Yang, Y. and Cao, G.},
  year = {2018},
  pages = {46-54}
}

@article{meskar2017energy,
  title = {Energy {{Aware Offloading}} for {{Competing Users}} on a {{Shared Communication Channel}}},
  volume = {16},
  issn = {1536-1233},
  number = {1},
  journal = {IEEE Transactions on Mobile Computing},
  doi = {10.1109/TMC.2016.2538227},
  author = {Meskar, E. and Todd, T. D. and Zhao, D. and Karakostas, G.},
  year = {2017},
  pages = {87-96}
}


