
@inproceedings{bhamare2017multiobjective,
  title = {Multi-Objective Scheduling of Micro-Services for Optimal Service Function Chains},
  booktitle = {2017 {{IEEE International Conference}} on {{Communications}} ({{ICC}})},
  doi = {10.1109/ICC.2017.7996729},
  author = {Bhamare, D. and Samaka, M. and Erbad, A. and Jain, R. and Gupta, L. and Chan, H. A.},
  month = may,
  year = {2017},
  pages = {1-6}
}

@article{sun2017emm,
  title = {{{EMM}}: {{Energy}}-{{Aware Mobility Management}} for {{Mobile Edge Computing}} in {{Ultra Dense Networks}}},
  volume = {35},
  issn = {0733-8716},
  shorttitle = {{{EMM}}},
  number = {11},
  journal = {IEEE Journal on Selected Areas in Communications},
  doi = {10.1109/JSAC.2017.2760160},
  author = {Sun, Y. and Zhou, S. and Xu, J.},
  month = nov,
  year = {2017},
  pages = {2637-2646}
}

@article{wang2017dynamic,
  title = {Dynamic {{Service Placement}} for {{Mobile Micro}}-{{Clouds}} with {{Predicted Future Costs}}},
  volume = {28},
  issn = {1045-9219},
  number = {4},
  journal = {IEEE Transactions on Parallel and Distributed Systems},
  doi = {10.1109/TPDS.2016.2604814},
  author = {Wang, S. and Urgaonkar, R. and He, T. and Chan, K. and Zafer, M. and Leung, K. K.},
  month = apr,
  year = {2017},
  pages = {1002-1016}
}

@inproceedings{chen2017empirical,
  address = {{New York, NY, USA}},
  series = {{{SEC}} '17},
  title = {An {{Empirical Study}} of {{Latency}} in an {{Emerging Class}} of {{Edge Computing Applications}} for {{Wearable Cognitive Assistance}}},
  isbn = {978-1-4503-5087-7},
  booktitle = {Proceedings of the {{Second ACM}}/{{IEEE Symposium}} on {{Edge Computing}}},
  publisher = {{ACM}},
  doi = {10.1145/3132211.3134458},
  author = {Chen, Zhuo and Hu, Wenlu and Wang, Junjue and Zhao, Siyan and Amos, Brandon and Wu, Guanhang and Ha, Kiryong and Elgazzar, Khalid and Pillai, Padmanabhan and Klatzky, Roberta and Siewiorek, Daniel and Satyanarayanan, Mahadev},
  year = {2017},
  pages = {14:1--14:14}
}

@inproceedings{yi2017lavea,
  address = {{New York, NY, USA}},
  series = {{{SEC}} '17},
  title = {{{LAVEA}}: {{Latency}}-Aware {{Video Analytics}} on {{Edge Computing Platform}}},
  isbn = {978-1-4503-5087-7},
  shorttitle = {{{LAVEA}}},
  booktitle = {Proceedings of the {{Second ACM}}/{{IEEE Symposium}} on {{Edge Computing}}},
  publisher = {{ACM}},
  doi = {10.1145/3132211.3134459},
  author = {Yi, Shanhe and Hao, Zijiang and Zhang, Qingyang and Zhang, Quan and Shi, Weisong and Li, Qun},
  year = {2017},
  pages = {15:1--15:13}
}

@inproceedings{kar2017predriveid,
  address = {{New York, NY, USA}},
  series = {{{SEC}} '17},
  title = {{{PredriveID}}: {{Pre}}-Trip {{Driver Identification}} from {{In}}-Vehicle {{Data}}},
  isbn = {978-1-4503-5087-7},
  shorttitle = {{{PredriveID}}},
  booktitle = {Proceedings of the {{Second ACM}}/{{IEEE Symposium}} on {{Edge Computing}}},
  publisher = {{ACM}},
  doi = {10.1145/3132211.3134462},
  author = {Kar, Gorkem and Jain, Shubham and Gruteser, Marco and Chen, Jinzhu and Bai, Fan and Govindan, Ramesh},
  year = {2017},
  pages = {2:1--2:12}
}

@inproceedings{chaufournier2017fast,
  address = {{New York, NY, USA}},
  series = {{{SEC}} '17},
  title = {Fast {{Transparent Virtual Machine Migration}} in {{Distributed Edge Clouds}}},
  isbn = {978-1-4503-5087-7},
  booktitle = {Proceedings of the {{Second ACM}}/{{IEEE Symposium}} on {{Edge Computing}}},
  publisher = {{ACM}},
  doi = {10.1145/3132211.3134445},
  author = {Chaufournier, Lucas and Sharma, Prateek and Le, Franck and Nahum, Erich and Shenoy, Prashant and Towsley, Don},
  year = {2017},
  pages = {10:1--10:13}
}

@inproceedings{dong2017energyefficient,
  address = {{New York, NY, USA}},
  series = {{{SEC}} '17},
  title = {An {{Energy}}-Efficient {{Offloading Framework}} with {{Predictable Temporal Correctness}}},
  isbn = {978-1-4503-5087-7},
  booktitle = {Proceedings of the {{Second ACM}}/{{IEEE Symposium}} on {{Edge Computing}}},
  publisher = {{ACM}},
  doi = {10.1145/3132211.3134448},
  author = {Dong, Zheng and Liu, Yuchuan and Zhou, Husheng and Xiao, Xusheng and Gu, Yu and Zhang, Lingming and Liu, Cong},
  year = {2017},
  pages = {19:1--19:12}
}

@inproceedings{dick2017high,
  address = {{New York, NY, USA}},
  series = {{{SEC}} '17},
  title = {High {{Speed Object Tracking Using Edge Computing}}: {{Poster Abstract}}},
  isbn = {978-1-4503-5087-7},
  shorttitle = {High {{Speed Object Tracking Using Edge Computing}}},
  booktitle = {Proceedings of the {{Second ACM}}/{{IEEE Symposium}} on {{Edge Computing}}},
  publisher = {{ACM}},
  doi = {10.1145/3132211.3132457},
  author = {Dick, Joel and Phillips, Caleb and Mortazavi, Seyed Hosein and {de Lara}, Eyal},
  year = {2017},
  pages = {26:1--26:2}
}

@inproceedings{streiffer2017eprivateeye,
  address = {{New York, NY, USA}},
  series = {{{SEC}} '17},
  title = {{{ePrivateeye}}: {{To}} the {{Edge}} and {{Beyond}}!},
  isbn = {978-1-4503-5087-7},
  shorttitle = {{{ePrivateeye}}},
  booktitle = {Proceedings of the {{Second ACM}}/{{IEEE Symposium}} on {{Edge Computing}}},
  publisher = {{ACM}},
  doi = {10.1145/3132211.3134457},
  author = {Streiffer, Christopher and Srivastava, Animesh and Orlikowski, Victor and Velasco, Yesenia and Martin, Vincentius and Raval, Nisarg and Machanavajjhala, Ashwin and Cox, Landon P.},
  year = {2017},
  pages = {18:1--18:13}
}

@inproceedings{chen2017socially,
  address = {{New York, NY, USA}},
  series = {{{SEC}} '17},
  title = {Socially {{Trusted Collaborative Edge Computing}} in {{Ultra Dense Networks}}},
  isbn = {978-1-4503-5087-7},
  booktitle = {Proceedings of the {{Second ACM}}/{{IEEE Symposium}} on {{Edge Computing}}},
  publisher = {{ACM}},
  doi = {10.1145/3132211.3134451},
  author = {Chen, Lixing and Xu, Jie},
  year = {2017},
  pages = {9:1--9:11}
}

@inproceedings{hadzic2017edge,
  address = {{New York, NY, USA}},
  series = {{{SEC}} '17},
  title = {Edge {{Computing}} in the {{ePC}}: {{A Reality Check}}},
  isbn = {978-1-4503-5087-7},
  shorttitle = {Edge {{Computing}} in the {{ePC}}},
  booktitle = {Proceedings of the {{Second ACM}}/{{IEEE Symposium}} on {{Edge Computing}}},
  publisher = {{ACM}},
  doi = {10.1145/3132211.3134449},
  author = {Had{\v z}i{\'c}, Ilija and Abe, Yoshihisa and Woithe, Hans C.},
  year = {2017},
  pages = {13:1--13:10}
}

@inproceedings{mortazavi2017cloudpath,
  address = {{New York, NY, USA}},
  series = {{{SEC}} '17},
  title = {Cloudpath: {{A Multi}}-Tier {{Cloud Computing Framework}}},
  isbn = {978-1-4503-5087-7},
  shorttitle = {Cloudpath},
  booktitle = {Proceedings of the {{Second ACM}}/{{IEEE Symposium}} on {{Edge Computing}}},
  publisher = {{ACM}},
  doi = {10.1145/3132211.3134464},
  author = {Mortazavi, Seyed Hossein and Salehe, Mohammad and Gomes, Carolina Simoes and Phillips, Caleb and {de Lara}, Eyal},
  year = {2017},
  pages = {20:1--20:13}
}

@inproceedings{kar2017realtime,
  address = {{New York, NY, USA}},
  series = {{{SEC}} '17},
  title = {Real-Time {{Traffic Estimation}} at {{Vehicular Edge Nodes}}},
  isbn = {978-1-4503-5087-7},
  booktitle = {Proceedings of the {{Second ACM}}/{{IEEE Symposium}} on {{Edge Computing}}},
  publisher = {{ACM}},
  doi = {10.1145/3132211.3134461},
  author = {Kar, Gorkem and Jain, Shubham and Gruteser, Marco and Bai, Fan and Govindan, Ramesh},
  year = {2017},
  pages = {3:1--3:13}
}

@inproceedings{zhang2017enhancing,
  address = {{New York, NY, USA}},
  series = {{{SEC}} '17},
  title = {Enhancing {{AMBER Alert Using Collaborative Edges}}: {{Poster}}},
  isbn = {978-1-4503-5087-7},
  shorttitle = {Enhancing {{AMBER Alert Using Collaborative Edges}}},
  booktitle = {Proceedings of the {{Second ACM}}/{{IEEE Symposium}} on {{Edge Computing}}},
  publisher = {{ACM}},
  doi = {10.1145/3132211.3132459},
  author = {Zhang, Qingyang and Zhang, Quan and Shi, Weisong and Zhong, Hong},
  year = {2017},
  pages = {27:1--27:2}
}

@inproceedings{wu2017container,
  address = {{New York, NY, USA}},
  series = {{{SEC}} '17},
  title = {Container {{Lifecycle Management}} for {{Edge Nodes}}: {{Poster}}},
  isbn = {978-1-4503-5087-7},
  shorttitle = {Container {{Lifecycle Management}} for {{Edge Nodes}}},
  booktitle = {Proceedings of the {{Second ACM}}/{{IEEE Symposium}} on {{Edge Computing}}},
  publisher = {{ACM}},
  doi = {10.1145/3132211.3132453},
  author = {Wu, Chih-Peng and Suresh, Mahima Agumbe and Da Silva, Dilma},
  year = {2017},
  pages = {23:1--23:2}
}

@inproceedings{deng2017edge,
  address = {{New York, NY, USA}},
  series = {{{SEC}} '17},
  title = {Edge {{Datastore}} for {{Distributed Vision Analytics}}: {{Poster}}},
  isbn = {978-1-4503-5087-7},
  shorttitle = {Edge {{Datastore}} for {{Distributed Vision Analytics}}},
  booktitle = {Proceedings of the {{Second ACM}}/{{IEEE Symposium}} on {{Edge Computing}}},
  publisher = {{ACM}},
  doi = {10.1145/3132211.3132463},
  author = {Deng, Yang and Ravindran, Arun and Han, Tao},
  year = {2017},
  pages = {29:1--29:2}
}

@inproceedings{zhang2017efficient,
  address = {{New York, NY, USA}},
  series = {{{SEC}} '17},
  title = {Towards {{Efficient Edge Cloud Augmentation}} for {{Virtual Reality MMOGs}}},
  isbn = {978-1-4503-5087-7},
  booktitle = {Proceedings of the {{Second ACM}}/{{IEEE Symposium}} on {{Edge Computing}}},
  publisher = {{ACM}},
  doi = {10.1145/3132211.3134463},
  author = {Zhang, Wuyang and Chen, Jiachen and Zhang, Yanyong and Raychaudhuri, Dipankar},
  year = {2017},
  pages = {8:1--8:14}
}

@inproceedings{lee2017gremlin,
  address = {{New York, NY, USA}},
  series = {{{SEC}} '17},
  title = {Gremlin: {{Scheduling Interactions}} in {{Vehicular Computing}}},
  isbn = {978-1-4503-5087-7},
  shorttitle = {Gremlin},
  booktitle = {Proceedings of the {{Second ACM}}/{{IEEE Symposium}} on {{Edge Computing}}},
  publisher = {{ACM}},
  doi = {10.1145/3132211.3134450},
  author = {Lee, Kyungmin and Flinn, Jason and Noble, Brian D.},
  year = {2017},
  pages = {4:1--4:13}
}

@inproceedings{habak2017workload,
  address = {{New York, NY, USA}},
  series = {{{SEC}} '17},
  title = {Workload {{Management}} for {{Dynamic Mobile Device Clusters}} in {{Edge Femtoclouds}}},
  isbn = {978-1-4503-5087-7},
  booktitle = {Proceedings of the {{Second ACM}}/{{IEEE Symposium}} on {{Edge Computing}}},
  publisher = {{ACM}},
  doi = {10.1145/3132211.3134455},
  author = {Habak, Karim and Zegura, Ellen W. and Ammar, Mostafa and Harras, Khaled A.},
  year = {2017},
  pages = {6:1--6:14}
}

@inproceedings{grassi2017parkmaster,
  address = {{New York, NY, USA}},
  series = {{{SEC}} '17},
  title = {Parkmaster: {{An In}}-Vehicle, {{Edge}}-Based {{Video Analytics Service}} for {{Detecting Open Parking Spaces}} in {{Urban Environments}}},
  isbn = {978-1-4503-5087-7},
  shorttitle = {Parkmaster},
  booktitle = {Proceedings of the {{Second ACM}}/{{IEEE Symposium}} on {{Edge Computing}}},
  publisher = {{ACM}},
  doi = {10.1145/3132211.3134452},
  author = {Grassi, Giulio and Jamieson, Kyle and Bahl, Paramvir and Pau, Giovanni},
  year = {2017},
  pages = {16:1--16:14}
}

@inproceedings{drolia2017precog,
  address = {{New York, NY, USA}},
  series = {{{SEC}} '17},
  title = {Precog: {{PRefetching}} for {{Image RecogNition Applications}} at the {{Edge}}},
  isbn = {978-1-4503-5087-7},
  shorttitle = {Precog},
  booktitle = {Proceedings of the {{Second ACM}}/{{IEEE Symposium}} on {{Edge Computing}}},
  publisher = {{ACM}},
  doi = {10.1145/3132211.3134456},
  author = {Drolia, Utsav and Guo, Katherine and Narasimhan, Priya},
  year = {2017},
  pages = {17:1--17:13}
}

@inproceedings{ma2017efficient,
  address = {{New York, NY, USA}},
  series = {{{SEC}} '17},
  title = {Efficient {{Service Handoff Across Edge Servers}} via {{Docker Container Migration}}},
  isbn = {978-1-4503-5087-7},
  booktitle = {Proceedings of the {{Second ACM}}/{{IEEE Symposium}} on {{Edge Computing}}},
  publisher = {{ACM}},
  doi = {10.1145/3132211.3134460},
  author = {Ma, Lele and Yi, Shanhe and Li, Qun},
  year = {2017},
  pages = {11:1--11:13}
}

@inproceedings{bahreini2017efficienta,
  address = {{New York, NY, USA}},
  series = {{{SEC}} '17},
  title = {Efficient {{Placement}} of {{Multi}}-Component {{Applications}} in {{Edge Computing Systems}}},
  isbn = {978-1-4503-5087-7},
  booktitle = {Proceedings of the {{Second ACM}}/{{IEEE Symposium}} on {{Edge Computing}}},
  publisher = {{ACM}},
  doi = {10.1145/3132211.3134454},
  author = {Bahreini, Tayebeh and Grosu, Daniel},
  year = {2017},
  pages = {5:1--5:11}
}

@inproceedings{hao2017edgecourier,
  address = {{New York, NY, USA}},
  series = {{{SEC}} '17},
  title = {Edgecourier: {{An Edge}}-Hosted {{Personal Service}} for {{Low}}-Bandwidth {{Document Synchronization}} in {{Mobile Cloud Storage Services}}},
  isbn = {978-1-4503-5087-7},
  shorttitle = {Edgecourier},
  booktitle = {Proceedings of the {{Second ACM}}/{{IEEE Symposium}} on {{Edge Computing}}},
  publisher = {{ACM}},
  doi = {10.1145/3132211.3134447},
  author = {Hao, Pengzhan and Bai, Yongshu and Zhang, Xin and Zhang, Yifan},
  year = {2017},
  pages = {7:1--7:14}
}

@inproceedings{maduako2017combining,
  address = {{New York, NY, USA}},
  series = {{{SEC}} '17},
  title = {Combining {{Edge}} and {{Cloud Computing}} for {{Mobility Analytics}}: {{Poster Abstract}}},
  isbn = {978-1-4503-5087-7},
  shorttitle = {Combining {{Edge}} and {{Cloud Computing}} for {{Mobility Analytics}}},
  booktitle = {Proceedings of the {{Second ACM}}/{{IEEE Symposium}} on {{Edge Computing}}},
  publisher = {{ACM}},
  doi = {10.1145/3132211.3132452},
  author = {Maduako, Ikechukwu and Cao, Hung and Hernandez, Lilian and Wachowicz, Monica},
  year = {2017},
  pages = {22:1--22:3}
}

@inproceedings{gajjar2017smart,
  address = {{New York, NY, USA}},
  series = {{{SEC}} '17},
  title = {A {{Smart Building System Integrated}} with an {{Edge Computing Algorithm}} and {{IoT Mesh Networks}}: {{Demo Abstract}}},
  isbn = {978-1-4503-5087-7},
  shorttitle = {A {{Smart Building System Integrated}} with an {{Edge Computing Algorithm}} and {{IoT Mesh Networks}}},
  booktitle = {Proceedings of the {{Second ACM}}/{{IEEE Symposium}} on {{Edge Computing}}},
  publisher = {{ACM}},
  doi = {10.1145/3132211.3132462},
  author = {Gajjar, Archit and Zhang, Yunxiang and Yang, Xiaokun},
  year = {2017},
  pages = {35:1--35:2}
}

@inproceedings{liu2017fast,
  address = {{New York, NY, USA}},
  series = {{{SEC}} '17},
  title = {Fast and {{Accurate Object Analysis}} at the {{Edge}} for {{Mobile Augmented Reality}}: {{Demo}}},
  isbn = {978-1-4503-5087-7},
  shorttitle = {Fast and {{Accurate Object Analysis}} at the {{Edge}} for {{Mobile Augmented Reality}}},
  booktitle = {Proceedings of the {{Second ACM}}/{{IEEE Symposium}} on {{Edge Computing}}},
  publisher = {{ACM}},
  doi = {10.1145/3132211.3132458},
  author = {Liu, Qiang and Huang, Siqi and Han, Tao},
  year = {2017},
  pages = {33:1--33:2}
}

@inproceedings{tabkhi2017endtoend,
  address = {{New York, NY, USA}},
  series = {{{SEC}} '17},
  title = {Toward {{End}}-to-End {{Object Detection}} and {{Tracking}} on the {{Edge}}},
  isbn = {978-1-4503-5087-7},
  booktitle = {Proceedings of the {{Second ACM}}/{{IEEE Symposium}} on {{Edge Computing}}},
  publisher = {{ACM}},
  doi = {10.1145/3132211.3132455},
  author = {Tabkhi, Hamed},
  year = {2017},
  pages = {32:1--32:2}
}

@inproceedings{ha2017you,
  address = {{New York, NY, USA}},
  series = {{{SEC}} '17},
  title = {You {{Can Teach Elephants}} to {{Dance}}: {{Agile VM Handoff}} for {{Edge Computing}}},
  isbn = {978-1-4503-5087-7},
  shorttitle = {You {{Can Teach Elephants}} to {{Dance}}},
  booktitle = {Proceedings of the {{Second ACM}}/{{IEEE Symposium}} on {{Edge Computing}}},
  publisher = {{ACM}},
  doi = {10.1145/3132211.3134453},
  author = {Ha, Kiryong and Abe, Yoshihisa and Eiszler, Thomas and Chen, Zhuo and Hu, Wenlu and Amos, Brandon and Upadhyaya, Rohit and Pillai, Padmanabhan and Satyanarayanan, Mahadev},
  year = {2017},
  pages = {12:1--12:14}
}

@inproceedings{huang2017edgefacilitated,
  address = {{New York, NY, USA}},
  series = {{{SEC}} '17},
  title = {An {{Edge}}-Facilitated {{Message Broker}} for {{Scalable Device Discovery}}: {{Poster}}},
  isbn = {978-1-4503-5087-7},
  shorttitle = {An {{Edge}}-Facilitated {{Message Broker}} for {{Scalable Device Discovery}}},
  booktitle = {Proceedings of the {{Second ACM}}/{{IEEE Symposium}} on {{Edge Computing}}},
  publisher = {{ACM}},
  doi = {10.1145/3132211.3132456},
  author = {Huang, Zhe and Balasubramanian, Bharath and Alsudais, Azzam and Joshi, Kaustubh},
  year = {2017},
  pages = {25:1--25:2}
}

@inproceedings{chiu2017privacypreserving,
  address = {{New York, NY, USA}},
  series = {{{SEC}} '17},
  title = {Privacy-Preserving of {{Platoon}}-Based {{V2V}} in {{Collaborative Edge}}: {{Poster Abstract}}},
  isbn = {978-1-4503-5087-7},
  shorttitle = {Privacy-Preserving of {{Platoon}}-Based {{V2V}} in {{Collaborative Edge}}},
  booktitle = {Proceedings of the {{Second ACM}}/{{IEEE Symposium}} on {{Edge Computing}}},
  publisher = {{ACM}},
  doi = {10.1145/3132211.3132464},
  author = {Chiu, Te-Chuan and Zhang, Junshan and Pang, Ai-Chun},
  year = {2017},
  pages = {30:1--30:2}
}

@inproceedings{qi2017vehiclebased,
  address = {{New York, NY, USA}},
  series = {{{SEC}} '17},
  title = {A {{Vehicle}}-Based {{Edge Computing Platform}} for {{Transit}} and {{Human Mobility Analytics}}},
  isbn = {978-1-4503-5087-7},
  booktitle = {Proceedings of the {{Second ACM}}/{{IEEE Symposium}} on {{Edge Computing}}},
  publisher = {{ACM}},
  doi = {10.1145/3132211.3134446},
  author = {Qi, Bozhao and Kang, Lei and Banerjee, Suman},
  year = {2017},
  pages = {1:1--1:14}
}

@inproceedings{badri2017multistage,
  address = {{New York, NY, USA}},
  series = {{{SEC}} '17},
  title = {Multi-Stage {{Stochastic Programming}} for {{Service Placement}} in {{Edge Computing Systems}}: {{Poster}}},
  isbn = {978-1-4503-5087-7},
  shorttitle = {Multi-Stage {{Stochastic Programming}} for {{Service Placement}} in {{Edge Computing Systems}}},
  booktitle = {Proceedings of the {{Second ACM}}/{{IEEE Symposium}} on {{Edge Computing}}},
  publisher = {{ACM}},
  doi = {10.1145/3132211.3132461},
  author = {Badri, Hossein and Bahreini, Tayebeh and Grosu, Daniel and Yang, Kai},
  year = {2017},
  pages = {28:1--28:2}
}

@inproceedings{samanta2017deserve,
  address = {{New York, NY, USA}},
  series = {{{SEC}} '17},
  title = {{{DeServE}}: {{Delay}}-Agnostic {{Service Offloading}} in {{Mobile Edge Clouds}}: {{Poster}}},
  isbn = {978-1-4503-5087-7},
  shorttitle = {{{DeServE}}},
  booktitle = {Proceedings of the {{Second ACM}}/{{IEEE Symposium}} on {{Edge Computing}}},
  publisher = {{ACM}},
  doi = {10.1145/3132211.3132454},
  author = {Samanta, Amit and Li, Yong},
  year = {2017},
  pages = {24:1--24:2}
}

@inproceedings{ramesh2017embedded,
  address = {{New York, NY, USA}},
  series = {{{SEC}} '17},
  title = {Embedded {{Sensor}}-Data {{Compression Frameworks}} for {{Connected Lighting Systems}}: {{Poster}}},
  isbn = {978-1-4503-5087-7},
  shorttitle = {Embedded {{Sensor}}-Data {{Compression Frameworks}} for {{Connected Lighting Systems}}},
  booktitle = {Proceedings of the {{Second ACM}}/{{IEEE Symposium}} on {{Edge Computing}}},
  publisher = {{ACM}},
  doi = {10.1145/3132211.3132212},
  author = {Ramesh, Arvind and Olaleye, Olaitan and Murthy, Abhishek},
  year = {2017},
  pages = {21:1--21:2}
}

@inproceedings{yang2017establishing,
  address = {{New York, NY, USA}},
  series = {{{SEC}} '17},
  title = {Establishing a {{BLE Mesh Network}} with {{Fabricated CSRmesh Devices}}: {{Demo Abstract}}},
  isbn = {978-1-4503-5087-7},
  shorttitle = {Establishing a {{BLE Mesh Network}} with {{Fabricated CSRmesh Devices}}},
  booktitle = {Proceedings of the {{Second ACM}}/{{IEEE Symposium}} on {{Edge Computing}}},
  publisher = {{ACM}},
  doi = {10.1145/3132211.3132460},
  author = {Yang, Xiaokun and He, Xianlong},
  year = {2017},
  pages = {34:1--34:2}
}

@inproceedings{knezevic2017circe,
  address = {{New York, NY, USA}},
  series = {{{SEC}} '17},
  title = {{{CIRCE}} - a {{Runtime Scheduler}} for {{DAG}}-Based {{Dispersed Computing}}: {{Demo}}},
  isbn = {978-1-4503-5087-7},
  shorttitle = {{{CIRCE}} - a {{Runtime Scheduler}} for {{DAG}}-Based {{Dispersed Computing}}},
  booktitle = {Proceedings of the {{Second ACM}}/{{IEEE Symposium}} on {{Edge Computing}}},
  publisher = {{ACM}},
  doi = {10.1145/3132211.3132451},
  author = {Knezevic, Aleksandra and Nguyen, Quynh and Tran, Jason A. and Ghosh, Pradipta and Sakulkar, Pranav and Krishnamachari, Bhaskar and Annavaram, Murali},
  year = {2017},
  pages = {31:1--31:2}
}

@inproceedings{guo2017caching,
  title = {Caching in {{Base Station}} with {{Recommendation}} via {{Q}}-{{Learning}}},
  booktitle = {2017 {{IEEE Wireless Communications}} and {{Networking Conference}} ({{WCNC}})},
  doi = {10.1109/WCNC.2017.7925848},
  author = {Guo, K. and Yang, C. and Liu, T.},
  month = mar,
  year = {2017},
  pages = {1-6}
}

@inproceedings{cao2017service,
  title = {Service {{Migrations}} in the {{Cloud}} for {{Mobile Accesses}}: {{A Reinforcement Learning Approach}}},
  shorttitle = {Service {{Migrations}} in the {{Cloud}} for {{Mobile Accesses}}},
  booktitle = {Proceedings of 2017 {{International Conference}} on {{Networking}}, {{Architecture}}, and {{Storage}} ({{NAS}})},
  doi = {10.1109/NAS.2017.8026876},
  author = {Cao, S. and Wang, Y. and Xu, C.},
  month = aug,
  year = {2017},
  pages = {1-10}
}

@article{machen2018live,
  title = {Live {{Service Migration}} in {{Mobile Edge Clouds}}},
  volume = {25},
  issn = {1536-1284},
  number = {1},
  journal = {IEEE Wireless Communications},
  doi = {10.1109/MWC.2017.1700011},
  author = {Machen, A. and Wang, S. and Leung, K. K. and Ko, B. J. and Salonidis, T.},
  month = feb,
  year = {2018},
  pages = {140-147}
}

@article{ahmeddocker,
  title = {Docker {{Container Deployment}} in {{Fog Computing Infrastructures}}},
  language = {en},
  author = {Ahmed, Arif and Pierre, Guillaume},
  pages = {8}
}

@article{wang2017qos,
  title = {{{QoS}} Prediction for Service Recommendations in Mobile Edge Computing},
  issn = {0743-7315},
  journal = {Journal of Parallel and Distributed Computing},
  doi = {10.1016/j.jpdc.2017.09.014},
  author = {Wang, Shangguang and Zhao, Yali and Huang, Lin and Xu, Jinliang and Hsu, Ching-Hsien},
  month = oct,
  year = {2017}
}

@article{deng2018confident,
  title = {Confident {{Information Coverage Hole Healing}} in {{Hybrid Industrial Wireless Sensor Networks}}},
  volume = {14},
  issn = {1551-3203},
  number = {5},
  journal = {IEEE Transactions on Industrial Informatics},
  doi = {10.1109/TII.2017.2764038},
  author = {Deng, X. and Tang, Z. and Yang, L. T. and Lin, M. and Wang, B.},
  month = may,
  year = {2018},
  pages = {2220-2229}
}

@article{dayarathna2016data,
  title = {Data {{Center Energy Consumption Modeling}}: {{A Survey}}},
  volume = {18},
  issn = {1553-877X},
  shorttitle = {Data {{Center Energy Consumption Modeling}}},
  number = {1},
  journal = {IEEE Communications Surveys Tutorials},
  doi = {10.1109/COMST.2015.2481183},
  author = {Dayarathna, M. and Wen, Y. and Fan, R.},
  year = {Firstquarter 2016},
  pages = {732-794}
}

@inproceedings{basmadjian2011methodology,
  address = {{New York, NY, USA}},
  series = {E-{{Energy}} '11},
  title = {A {{Methodology}} to {{Predict}} the {{Power Consumption}} of {{Servers}} in {{Data Centres}}},
  isbn = {978-1-4503-1313-1},
  booktitle = {Proceedings of the {{2Nd International Conference}} on {{Energy}}-{{Efficient Computing}} and {{Networking}}},
  publisher = {{ACM}},
  doi = {10.1145/2318716.2318718},
  author = {Basmadjian, Robert and Ali, Nasir and Niedermeier, Florian and {de Meer}, Hermann and Giuliani, Giovanni},
  year = {2011},
  pages = {1--10}
}

@inproceedings{liang2017energyefficient,
  title = {Energy-Efficient Resource Allocation in Software-Defined Mobile Networks with Mobile Edge Computing and Caching},
  booktitle = {2017 {{IEEE Conference}} on {{Computer Communications Workshops}} ({{INFOCOM WKSHPS}})},
  doi = {10.1109/INFCOMW.2017.8116363},
  author = {Liang, C. and He, Y. and Yu, F. R. and Zhao, N.},
  month = may,
  year = {2017},
  pages = {121-126}
}

@article{felfernig2017recommendation,
  series = {14th {{International Conference}} on {{Mobile Systems}} and {{Pervasive Computing}} ({{MobiSPC}} 2017) / 12th {{International Conference}} on {{Future Networks}} and {{Communications}} ({{FNC}} 2017) / {{Affiliated Workshops}}},
  title = {Recommendation {{Technologies}} for {{IoT Edge Devices}}},
  volume = {110},
  issn = {1877-0509},
  journal = {Procedia Computer Science},
  doi = {10.1016/j.procs.2017.06.135},
  author = {Felfernig, Alexander and Erdeniz, Seda Polat and Jeran, Michael and Akcay, Arda and Azzoni, Paolo and Maiero, Matteo and Doukas, Charalampos},
  month = jan,
  year = {2017},
  pages = {504-509}
}

@inproceedings{spyropoulos2016soft,
  address = {{New York, NY, USA}},
  series = {{{CHANTS}} '16},
  title = {Soft {{Cache Hits}} and the {{Impact}} of {{Alternative Content Recommendations}} on {{Mobile Edge Caching}}},
  isbn = {978-1-4503-4256-8},
  booktitle = {Proceedings of the {{Eleventh ACM Workshop}} on {{Challenged Networks}}},
  publisher = {{ACM}},
  doi = {10.1145/2979683.2979688},
  author = {Spyropoulos, Thrasyvoulos and Sermpezis, Pavlos},
  year = {2016},
  pages = {51--56}
}

@article{li2018joint,
  title = {Joint {{Content Recommendation}} and {{Delivery}} in {{Mobile Wireless Networks}} with {{Outage Management}}},
  volume = {20},
  copyright = {http://creativecommons.org/licenses/by/3.0/},
  language = {en},
  number = {1},
  journal = {Entropy},
  doi = {10.3390/e20010064},
  author = {Li, Yaodong and Chen, Lingyu and Shi, Haibin and Hong, Xuemin and Shi, Jianghong},
  month = jan,
  year = {2018},
  pages = {64}
}

@article{liu2018learningbased,
  archivePrefix = {arXiv},
  eprinttype = {arxiv},
  eprint = {1802.01414},
  primaryClass = {cs},
  title = {A {{Learning}}-Based {{Approach}} to {{Joint Content Caching}} and {{Recommendation}} at {{Base Stations}}},
  journal = {arXiv:1802.01414 [cs]},
  author = {Liu, Dong and Yang, Chenyang},
  month = jan,
  year = {2018}
}

@article{cui2018diamond,
  title = {Diamond: {{Nesting}} the {{Data Center Network With Wireless Rings}} in 3-{{D Space}}},
  volume = {26},
  issn = {1063-6692},
  shorttitle = {Diamond},
  number = {1},
  journal = {IEEE/ACM Transactions on Networking},
  doi = {10.1109/TNET.2017.2773539},
  author = {Cui, Y. and Xiao, S. and Wang, X. and Yang, Z. and Yan, S. and Zhu, C. and Li, X. Y. and Ge, N.},
  month = feb,
  year = {2018},
  pages = {145-160}
}

@article{chen2018joint,
  title = {Joint {{Resource Allocation}} for {{Software}}-{{Defined Networking}}, {{Caching}}, and {{Computing}}},
  volume = {26},
  issn = {1063-6692},
  number = {1},
  journal = {IEEE/ACM Transactions on Networking},
  doi = {10.1109/TNET.2017.2782216},
  author = {Chen, Q. and Yu, F. R. and Huang, T. and Xie, R. and Liu, J. and Liu, Y.},
  month = feb,
  year = {2018},
  pages = {274-287}
}

@article{wang2018cloudbased,
  title = {Toward {{Cloud}}-{{Based Distributed Interactive Applications}}: {{Measurement}}, {{Modeling}}, and {{Analysis}}},
  volume = {26},
  issn = {1063-6692},
  shorttitle = {Toward {{Cloud}}-{{Based Distributed Interactive Applications}}},
  number = {1},
  journal = {IEEE/ACM Transactions on Networking},
  doi = {10.1109/TNET.2017.2765246},
  author = {Wang, H. and Li, T. and Shea, R. and Ma, X. and Wang, F. and Liu, J. and Xu, K.},
  month = feb,
  year = {2018},
  pages = {3-16}
}

@article{neglia2018cache,
  title = {Cache {{Policies}} for {{Linear Utility Maximization}}},
  volume = {26},
  issn = {1063-6692},
  number = {1},
  journal = {IEEE/ACM Transactions on Networking},
  doi = {10.1109/TNET.2017.2783623},
  author = {Neglia, G. and Carra, D. and Michiardi, P.},
  month = feb,
  year = {2018},
  pages = {302-313}
}

@article{zhou2018scheduling,
  title = {Scheduling {{Frameworks}} for {{Cloud Container Services}}},
  volume = {26},
  issn = {1063-6692},
  number = {1},
  journal = {IEEE/ACM Transactions on Networking},
  doi = {10.1109/TNET.2017.2781200},
  author = {Zhou, R. and Li, Z. and Wu, C.},
  month = feb,
  year = {2018},
  pages = {436-450}
}

@article{fu2018every,
  title = {Every {{Timestamp Counts}}: {{Accurate Tracking}} of {{Network Latencies Using Reconcilable Difference Aggregator}}},
  volume = {26},
  issn = {1063-6692},
  shorttitle = {Every {{Timestamp Counts}}},
  number = {1},
  journal = {IEEE/ACM Transactions on Networking},
  doi = {10.1109/TNET.2017.2762328},
  author = {Fu, Y. and {Barlet-Ros}, P. and Li, D.},
  month = feb,
  year = {2018},
  pages = {90-103}
}

@article{fuerst2018kraken,
  title = {Kraken: {{Online}} and {{Elastic Resource Reservations}} for {{Cloud Datacenters}}},
  volume = {26},
  issn = {1063-6692},
  shorttitle = {Kraken},
  number = {1},
  journal = {IEEE/ACM Transactions on Networking},
  doi = {10.1109/TNET.2017.2782006},
  author = {Fuerst, C. and Schmid, S. and Suresh, L. and Costa, P.},
  month = feb,
  year = {2018},
  pages = {422-435}
}

@article{jang2017joint,
  title = {Joint {{Optimization}} of {{Service Function Placement}} and {{Flow Distribution}} for {{Service Function Chaining}}},
  volume = {35},
  issn = {0733-8716},
  number = {11},
  journal = {IEEE Journal on Selected Areas in Communications},
  doi = {10.1109/JSAC.2017.2760162},
  author = {Jang, I. and Suh, D. and Pack, S. and D{\'a}n, G.},
  month = nov,
  year = {2017},
  pages = {2532-2541}
}

@article{gabry2016energyefficient,
  title = {On {{Energy}}-{{Efficient Edge Caching}} in {{Heterogeneous Networks}}},
  volume = {34},
  issn = {0733-8716},
  number = {12},
  journal = {IEEE Journal on Selected Areas in Communications},
  doi = {10.1109/JSAC.2016.2611845},
  author = {Gabry, F. and Bioglio, V. and Land, I.},
  month = dec,
  year = {2016},
  pages = {3288-3298}
}

@article{mao2016dynamic,
  title = {Dynamic {{Computation Offloading}} for {{Mobile}}-{{Edge Computing With Energy Harvesting Devices}}},
  volume = {34},
  issn = {0733-8716},
  number = {12},
  journal = {IEEE Journal on Selected Areas in Communications},
  doi = {10.1109/JSAC.2016.2611964},
  author = {Mao, Y. and Zhang, J. and Letaief, K. B.},
  month = dec,
  year = {2016},
  pages = {3590-3605}
}

@inproceedings{schulz2017nexmon,
  address = {{New York, NY, USA}},
  series = {{{WiNTECH}} '17},
  title = {Nexmon: {{Build Your Own Wi}}-{{Fi Testbeds With Low}}-{{Level MAC}} and {{PHY}}-{{Access Using Firmware Patches}} on {{Off}}-the-{{Shelf Mobile Devices}}},
  isbn = {978-1-4503-5147-8},
  shorttitle = {Nexmon},
  booktitle = {Proceedings of the 11th {{Workshop}} on {{Wireless Network Testbeds}}, {{Experimental Evaluation}} \& {{CHaracterization}}},
  publisher = {{ACM}},
  doi = {10.1145/3131473.3131476},
  author = {Schulz, Matthias and Wegemer, Daniel and Hollick, Matthias},
  year = {2017},
  pages = {59--66}
}

@inproceedings{ding2017sam,
  title = {{{SAM}}: {{Cache}} Space Allocation in Collaborative Edge-Caching Network},
  shorttitle = {{{SAM}}},
  booktitle = {2017 {{IEEE International Conference}} on {{Communications}} ({{ICC}})},
  doi = {10.1109/ICC.2017.7996701},
  author = {Ding, Q. and Pang, H. and Sun, L.},
  month = may,
  year = {2017},
  pages = {1-6}
}

@inproceedings{psomas2017cooperative,
  title = {Cooperative Wireless Edge Caching with Relay Selection},
  booktitle = {2017 {{IEEE International Conference}} on {{Communications}} ({{ICC}})},
  doi = {10.1109/ICC.2017.7997305},
  author = {Psomas, C. and Zheng, G. and Krikidis, I.},
  month = may,
  year = {2017},
  pages = {1-5}
}

@inproceedings{xu2017exploiting,
  title = {Exploiting Network Similarity for Latency Prediction of Edge Devices},
  booktitle = {2017 {{IEEE International Conference}} on {{Communications}} ({{ICC}})},
  doi = {10.1109/ICC.2017.7996450},
  author = {Xu, S. and Liu, P. and Panwar, S. S.},
  month = may,
  year = {2017},
  pages = {1-5}
}

@article{resource,
  title = {Resource {{Allocation Mechanism}} for a {{Fog}}-{{Cloud Infrastructure}} (1570408532)},
  language = {en},
  pages = {6}
}

@article{nasrinsharedmec,
  title = {{{SharedMEC}}: {{Sharing Clouds}} to {{Support User Mobility}} in {{Mobile Edge Computing}} (1570407482)},
  language = {en},
  author = {Nasrin, Wahida and Xie, Jiang},
  pages = {6}
}

@article{linew,
  title = {New {{Mobility}}-{{Aware Application Offloading Design}} with {{Low Delay}} and {{Energy Efficiency}} (1570409378)},
  language = {en},
  author = {Li, Jiwei and Peng, Zhe and Xiao, Bin},
  pages = {6}
}

@article{limobile,
  title = {Mobile {{Edge Computing}} for {{Task Offloading}} in {{Small}}-{{Cell Networks}} via {{Belief Propagation}} (1570411306)},
  language = {en},
  author = {Li, Jun and Wu, Anping and Chu, Shunfeng and Liu, Tingting and Shu, Feng},
  pages = {6}
}

@article{duapcentred,
  title = {An {{AP}}-{{Centred Smart Probabilistic Fingerprint System}} for {{Indoor Positioning}} (1570411294)},
  language = {en},
  author = {Du, Xuan and Yang, Kun and Bisio, Igor and Lavagetto, Fabio and Sciarrone, Andrea},
  pages = {6}
}

@article{wang2018efficient,
  title = {An {{Efficient Prediction}}-{{Based User Recruitment}} for {{Mobile Crowdsensing}}},
  volume = {17},
  issn = {1536-1233},
  number = {1},
  journal = {IEEE Transactions on Mobile Computing},
  doi = {10.1109/TMC.2017.2702613},
  author = {Wang, E. and Yang, Y. and Wu, J. and Liu, W. and Wang, X.},
  month = jan,
  year = {2018},
  pages = {16-28}
}

@article{guo2018energy,
  title = {Energy {{Efficiency Maximization}} in {{Mobile Wireless Energy Harvesting Sensor Networks}}},
  volume = {17},
  issn = {1536-1233},
  number = {7},
  journal = {IEEE Transactions on Mobile Computing},
  doi = {10.1109/TMC.2017.2773067},
  author = {Guo, S. and Shi, Y. and Yang, Y. and Xiao, B.},
  month = jul,
  year = {2018},
  pages = {1524-1537}
}

@article{qi2018construction,
  title = {Construction and {{Mitigation}} of {{User}}-{{Behavior}}-{{Based Covert Channels}} on {{Smartphones}}},
  volume = {17},
  issn = {1536-1233},
  number = {1},
  journal = {IEEE Transactions on Mobile Computing},
  doi = {10.1109/TMC.2017.2696945},
  author = {Qi, W. and Ding, W. and Wang, X. and Jiang, Y. and Xu, Y. and Wang, J. and Lu, K.},
  month = jan,
  year = {2018},
  pages = {44-57}
}

@article{kindt2018neighbor,
  title = {Neighbor {{Discovery Latency}} in {{BLE}}-{{Like Protocols}}},
  volume = {17},
  issn = {1536-1233},
  number = {3},
  journal = {IEEE Transactions on Mobile Computing},
  doi = {10.1109/TMC.2017.2737008},
  author = {Kindt, P. H. and Saur, M. and Balszun, M. and Chakraborty, S.},
  month = mar,
  year = {2018},
  pages = {617-631}
}

@article{zhang2018resource,
  title = {Resource {{Scheduling}} and {{Delay Analysis}} for {{Workflow}} in {{Wireless Small Cloud}}},
  volume = {17},
  issn = {1536-1233},
  number = {3},
  journal = {IEEE Transactions on Mobile Computing},
  doi = {10.1109/TMC.2017.2734083},
  author = {Zhang, Y.},
  month = mar,
  year = {2018},
  pages = {675-687}
}

@article{li2018accurate,
  title = {Toward {{Accurate Network Delay Measurement}} on {{Android Phones}}},
  volume = {17},
  issn = {1536-1233},
  number = {3},
  journal = {IEEE Transactions on Mobile Computing},
  doi = {10.1109/TMC.2017.2737990},
  author = {Li, W. and Wu, D. and Chang, R. K. C. and Mok, R. K. P.},
  month = mar,
  year = {2018},
  pages = {717-732}
}

@inproceedings{ramaswamy2005cache,
  title = {Cache {{Clouds}}: {{Cooperative Caching}} of {{Dynamic Documents}} in {{Edge Networks}}},
  shorttitle = {Cache {{Clouds}}},
  booktitle = {25th {{IEEE International Conference}} on {{Distributed Computing Systems}} ({{ICDCS}}'05)},
  doi = {10.1109/ICDCS.2005.16},
  author = {Ramaswamy, L. and Liu, Ling and Iyengar, A.},
  month = jun,
  year = {2005},
  pages = {229-238}
}

@article{tanganelli2018edgecentric,
  title = {Edge-{{Centric Distributed Discovery}} and {{Access}} in the {{Internet}} of {{Things}}},
  volume = {5},
  number = {1},
  journal = {IEEE Internet of Things Journal},
  doi = {10.1109/JIOT.2017.2767381},
  author = {Tanganelli, G. and Vallati, C. and Mingozzi, E.},
  month = feb,
  year = {2018},
  pages = {425-438}
}

@article{long2018edge,
  title = {Edge {{Computing Framework}} for {{Cooperative Video Processing}} in {{Multimedia IoT Systems}}},
  volume = {20},
  issn = {1520-9210},
  number = {5},
  journal = {IEEE Transactions on Multimedia},
  doi = {10.1109/TMM.2017.2764330},
  author = {Long, C. and Cao, Y. and Jiang, T. and Zhang, Q.},
  month = may,
  year = {2018},
  pages = {1126-1139}
}

@article{sarros2018connecting,
  title = {Connecting the {{Edges}}: {{A Universal}}, {{Mobile}}-{{Centric}}, and {{Opportunistic Communications Architecture}}},
  volume = {56},
  issn = {0163-6804},
  shorttitle = {Connecting the {{Edges}}},
  number = {2},
  journal = {IEEE Communications Magazine},
  doi = {10.1109/MCOM.2018.1700325},
  author = {Sarros, C. A. and Diamantopoulos, S. and Rene, S. and Psaras, I. and Lertsinsrubtavee, A. and {Molina-Jimenez}, C. and Mendes, P. and Sofia, R. and Sathiaseelan, A. and Pavlou, G. and Crowcroft, J. and Tsaoussidis, V.},
  month = feb,
  year = {2018},
  pages = {136-143}
}

@article{vakil-ghahani2018cache,
  title = {Cache {{Replacement Policy Based}} on {{Expected Hit Count}}},
  volume = {17},
  issn = {1556-6056},
  number = {1},
  journal = {IEEE Computer Architecture Letters},
  doi = {10.1109/LCA.2017.2762660},
  author = {{Vakil-Ghahani}, A. and {Mahdizadeh-Shahri}, S. and {Lotfi-Namin}, M. R. and Bakhshalipour, M. and {Lotfi-Kamran}, P. and {Sarbazi-Azad}, H.},
  month = jan,
  year = {2018},
  pages = {64-67}
}

@article{gil-costa2018graphbased,
  title = {A Graph-Based Cache for Large-Scale Similarity Search Engines},
  volume = {74},
  issn = {0920-8542, 1573-0484},
  language = {en},
  number = {5},
  journal = {The Journal of Supercomputing},
  doi = {10.1007/s11227-017-2207-3},
  author = {{Gil-Costa}, Veronica and Marin, Mauricio and Bonacic, Carolina and Solar, Roberto},
  month = may,
  year = {2018},
  pages = {2006-2034}
}

@inproceedings{im2018snncache,
  title = {{{SNN}}-Cache: {{A}} Practical Machine Learning-Based Caching System Utilizing the Inter-Relationships of Requests},
  shorttitle = {{{SNN}}-Cache},
  booktitle = {2018 52nd {{Annual Conference}} on {{Information Sciences}} and {{Systems}} ({{CISS}})},
  doi = {10.1109/CISS.2018.8362281},
  author = {Im, Y. and Prahladan, P. and Kim, T. H. and Hong, Y. G. and Ha, S.},
  month = mar,
  year = {2018},
  pages = {1-6}
}

@article{michiardi2018cachebased,
  archivePrefix = {arXiv},
  eprinttype = {arxiv},
  eprint = {1805.08650},
  primaryClass = {cs},
  title = {Cache-Based {{Multi}}-Query {{Optimization}} for {{Data}}-Intensive {{Scalable Computing Frameworks}}},
  journal = {arXiv:1805.08650 [cs]},
  author = {Michiardi, Pietro and Carra, Damiano and Migliorini, Sara},
  month = may,
  year = {2018}
}

@article{jain2017cooperative,
  title = {Cooperative {{Multi}}-{{Agent Reinforcement Learning}}-{{Based Co}}-Optimization of {{Cores}}, {{Caches}}, and {{On}}-Chip {{Network}}},
  volume = {14},
  issn = {1544-3566},
  number = {4},
  journal = {ACM Trans. Archit. Code Optim.},
  doi = {10.1145/3132170},
  author = {Jain, Rahul and Panda, Preeti Ranjan and Subramoney, Sreenivas},
  month = nov,
  year = {2017},
  pages = {32:1--32:25}
}

@inproceedings{zheng2017rankingbased,
  title = {Ranking-{{Based Cloud Service Recommendation}}},
  booktitle = {2017 {{IEEE International Conference}} on {{Edge Computing}} ({{EDGE}})},
  doi = {10.1109/IEEE.EDGE.2017.26},
  author = {Zheng, X. and Xu, L. D. and Chai, S.},
  month = jun,
  year = {2017},
  pages = {136-141}
}

@article{taherizadeh2018monitoring,
  title = {Monitoring Self-Adaptive Applications within Edge Computing Frameworks: {{A}} State-of-the-Art Review},
  volume = {136},
  issn = {0164-1212},
  shorttitle = {Monitoring Self-Adaptive Applications within Edge Computing Frameworks},
  journal = {Journal of Systems and Software},
  doi = {10.1016/j.jss.2017.10.033},
  author = {Taherizadeh, Salman and Jones, Andrew C. and Taylor, Ian and Zhao, Zhiming and Stankovski, Vlado},
  month = feb,
  year = {2018},
  pages = {19-38}
}

@inproceedings{almajali2018framework,
  title = {A Framework for Efficient and Secured Mobility of {{IoT}} Devices in Mobile Edge Computing},
  booktitle = {2018 {{Third International Conference}} on {{Fog}} and {{Mobile Edge Computing}} ({{FMEC}})},
  doi = {10.1109/FMEC.2018.8364045},
  author = {Almajali, S. and Salameh, H. B. and Ayyash, M. and Elgala, H.},
  month = apr,
  year = {2018},
  pages = {58-62}
}

@inproceedings{amjad2017cognitive,
  title = {Cognitive {{Edge Computing}} Based Resource Allocation Framework for {{Internet}} of {{Things}}},
  booktitle = {2017 {{Second International Conference}} on {{Fog}} and {{Mobile Edge Computing}} ({{FMEC}})},
  doi = {10.1109/FMEC.2017.7946430},
  author = {Amjad, A. and Rabby, F. and Sadia, S. and Patwary, M. and Benkhelifa, E.},
  month = may,
  year = {2017},
  pages = {194-200}
}

@inproceedings{yu2017autonomous,
  title = {Autonomous Overtaking Decision Making of Driverless Bus Based on Deep {{Q}}-Learning Method},
  booktitle = {2017 {{IEEE International Conference}} on {{Robotics}} and {{Biomimetics}} ({{ROBIO}})},
  doi = {10.1109/ROBIO.2017.8324756},
  author = {Yu, L. and Shao, X. and Yan, X.},
  month = dec,
  year = {2017},
  pages = {2267-2272}
}

@inproceedings{chen2018personalized,
  title = {Personalized Optimal Bicycle Trip Planning Based on {{Q}}-Learning Algorithm},
  booktitle = {2018 {{IEEE Wireless Communications}} and {{Networking Conference}} ({{WCNC}})},
  doi = {10.1109/WCNC.2018.8377056},
  author = {Chen, Y. and Yan, W. and Li, C. and Huang, Y. and Yang, L.},
  month = apr,
  year = {2018},
  pages = {1-6}
}

@article{hatemsimulation,
  title = {Simulation of the Navigation of a Mobile Robot by the {{Q}}- {{Learning}} Using Artificial Neuron Networks},
  language = {en},
  author = {Hatem, Mezaache and Foudil, Abdessemed},
  pages = {12}
}

@article{xujoint,
  title = {Joint {{Service Caching}} and {{Task Offloading}} for {{Mobile Edge Computing}} in {{Dense Networks}}},
  language = {en},
  author = {Xu, Jie and Chen, Lixing and Zhou, Pan},
  pages = {9}
}

@inproceedings{xu2016caople,
  title = {{{CAOPLE}}: {{A Programming Language}} for {{Microservices SaaS}}},
  shorttitle = {{{CAOPLE}}},
  booktitle = {2016 {{IEEE Symposium}} on {{Service}}-{{Oriented System Engineering}} ({{SOSE}})},
  doi = {10.1109/SOSE.2016.46},
  author = {Xu, C. and Zhu, H. and Bayley, I. and Lightfoot, D. and Green, M. and Marshall, P.},
  month = mar,
  year = {2016},
  pages = {34-43}
}

@article{mnih2013playing,
  archivePrefix = {arXiv},
  eprinttype = {arxiv},
  eprint = {1312.5602},
  primaryClass = {cs},
  title = {Playing {{Atari}} with {{Deep Reinforcement Learning}}},
  journal = {arXiv:1312.5602 [cs]},
  author = {Mnih, Volodymyr and Kavukcuoglu, Koray and Silver, David and Graves, Alex and Antonoglou, Ioannis and Wierstra, Daan and Riedmiller, Martin},
  month = dec,
  year = {2013}
}

@article{anschel2016averageddqn,
  archivePrefix = {arXiv},
  eprinttype = {arxiv},
  eprint = {1611.01929},
  primaryClass = {cs, stat},
  title = {Averaged-{{DQN}}: {{Variance Reduction}} and {{Stabilization}} for {{Deep Reinforcement Learning}}},
  shorttitle = {Averaged-{{DQN}}},
  journal = {arXiv:1611.01929 [cs, stat]},
  author = {Anschel, Oron and Baram, Nir and Shimkin, Nahum},
  month = nov,
  year = {2016}
}

@article{mnih2015humanlevel,
  title = {Human-Level Control through Deep Reinforcement Learning},
  volume = {518},
  issn = {0028-0836, 1476-4687},
  language = {en},
  number = {7540},
  journal = {Nature},
  doi = {10.1038/nature14236},
  author = {Mnih, Volodymyr and Kavukcuoglu, Koray and Silver, David and Rusu, Andrei A. and Veness, Joel and Bellemare, Marc G. and Graves, Alex and Riedmiller, Martin and Fidjeland, Andreas K. and Ostrovski, Georg and Petersen, Stig and Beattie, Charles and Sadik, Amir and Antonoglou, Ioannis and King, Helen and Kumaran, Dharshan and Wierstra, Daan and Legg, Shane and Hassabis, Demis},
  month = feb,
  year = {2015},
  pages = {529-533}
}

@inproceedings{john2013research,
  title = {Research {{Directions}} in {{Network Service Chaining}}},
  booktitle = {2013 {{IEEE SDN}} for {{Future Networks}} and {{Services}} ({{SDN4FNS}})},
  doi = {10.1109/SDN4FNS.2013.6702549},
  author = {John, W. and Pentikousis, K. and Agapiou, G. and Jacob, E. and Kind, M. and Manzalini, A. and Risso, F. and Staessens, D. and Steinert, R. and Meirosu, C.},
  month = nov,
  year = {2013},
  pages = {1-7}
}

@article{bhamare2016survey,
  title = {A Survey on Service Function Chaining},
  volume = {75},
  issn = {1084-8045},
  journal = {Journal of Network and Computer Applications},
  doi = {10.1016/j.jnca.2016.09.001},
  author = {Bhamare, Deval and Jain, Raj and Samaka, Mohammed and Erbad, Aiman},
  month = nov,
  year = {2016},
  pages = {138-155}
}

@article{medhat2017service,
  title = {Service {{Function Chaining}} in {{Next Generation Networks}}: {{State}} of the {{Art}} and {{Research Challenges}}},
  volume = {55},
  issn = {0163-6804},
  shorttitle = {Service {{Function Chaining}} in {{Next Generation Networks}}},
  number = {2},
  journal = {IEEE Communications Magazine},
  doi = {10.1109/MCOM.2016.1600219RP},
  author = {Medhat, A. M. and Taleb, T. and Elmangoush, A. and Carella, G. A. and Covaci, S. and Magedanz, T.},
  month = feb,
  year = {2017},
  pages = {216-223}
}

@article{goumagias2018using,
  title = {Using Deep {{Q}}-Learning to Understand the Tax Evasion Behavior of Risk-Averse Firms},
  volume = {101},
  issn = {0957-4174},
  journal = {Expert Systems with Applications},
  doi = {10.1016/j.eswa.2018.01.039},
  author = {Goumagias, Nikolaos D. and {Hristu-Varsakelis}, Dimitrios and Assael, Yannis M.},
  month = jul,
  year = {2018},
  pages = {258-270}
}

@inproceedings{bodas2018reinforcement,
  title = {Reinforcement Learning for Game Personalization on Edge Devices},
  booktitle = {2018 {{International Conference}} on {{Information}} and {{Computer Technologies}} ({{ICICT}})},
  doi = {10.1109/INFOCT.2018.8356853},
  author = {Bodas, A. and Upadhyay, B. and Nadiger, C. and Abdelhak, S.},
  month = mar,
  year = {2018},
  pages = {119-122}
}

@inproceedings{li2018deep,
  title = {Deep {{Q}}-{{Learning Based Dynamic Resource Allocation}} for {{Self}}-{{Powered Ultra}}-{{Dense Networks}}},
  booktitle = {2018 {{IEEE International Conference}} on {{Communications Workshops}} ({{ICC Workshops}})},
  doi = {10.1109/ICCW.2018.8403505},
  author = {Li, H. and Gao, H. and Lv, T. and Lu, Y.},
  month = may,
  year = {2018},
  pages = {1-6}
}

@inproceedings{shah-mohammadi2018deep,
  title = {Deep {{Reinforcement Learning Approach}} to {{QoE}}-{{Driven Resource Allocation}} for {{Spectrum Underlay}} in {{Cognitive Radio Networks}}},
  booktitle = {2018 {{IEEE International Conference}} on {{Communications Workshops}} ({{ICC Workshops}})},
  doi = {10.1109/ICCW.2018.8403658},
  author = {{Shah-Mohammadi}, F. and Kwasinski, A.},
  month = may,
  year = {2018},
  pages = {1-6}
}

@inproceedings{le2018deep,
  title = {A Deep Reinforcement Learning Based Offloading Scheme in Ad-Hoc Mobile Clouds},
  booktitle = {{{IEEE INFOCOM}} 2018 - {{IEEE Conference}} on {{Computer Communications Workshops}} ({{INFOCOM WKSHPS}})},
  doi = {10.1109/INFCOMW.2018.8406881},
  author = {Le, D. Van and Tham, C.},
  month = apr,
  year = {2018},
  pages = {760-765}
}

@article{liu2018deepnap,
  title = {{{DeepNap}}: {{Data}}-{{Driven Base Station Sleeping Operations}} through {{Deep Reinforcement Learning}}},
  issn = {2327-4662},
  shorttitle = {{{DeepNap}}},
  journal = {IEEE Internet of Things Journal},
  doi = {10.1109/JIOT.2018.2846694},
  author = {Liu, J. and Krishnamachari, B. and Zhou, S. and Niu, Z.},
  year = {2018},
  pages = {1-1}
}

@article{arulkumaran2017deep,
  title = {Deep {{Reinforcement Learning}}: {{A Brief Survey}}},
  volume = {34},
  issn = {1053-5888},
  shorttitle = {Deep {{Reinforcement Learning}}},
  number = {6},
  journal = {IEEE Signal Processing Magazine},
  doi = {10.1109/MSP.2017.2743240},
  author = {Arulkumaran, K. and Deisenroth, M. P. and Brundage, M. and Bharath, A. A.},
  month = nov,
  year = {2017},
  pages = {26-38}
}

@article{silver2016mastering,
  title = {Mastering the Game of {{Go}} with Deep Neural Networks and Tree Search},
  volume = {529},
  copyright = {2016 Nature Publishing Group},
  issn = {1476-4687},
  language = {en},
  number = {7587},
  journal = {Nature},
  doi = {10.1038/nature16961},
  author = {Silver, David and Huang, Aja and Maddison, Chris J. and Guez, Arthur and Sifre, Laurent and van den Driessche, George and Schrittwieser, Julian and Antonoglou, Ioannis and Panneershelvam, Veda and Lanctot, Marc and Dieleman, Sander and Grewe, Dominik and Nham, John and Kalchbrenner, Nal and Sutskever, Ilya and Lillicrap, Timothy and Leach, Madeleine and Kavukcuoglu, Koray and Graepel, Thore and Hassabis, Demis},
  month = jan,
  year = {2016},
  pages = {484-489}
}

@article{guo2018resource,
  title = {Resource {{Modeling}} and {{Scheduling}} for {{Mobile Edge Computing}}: {{A Service Provider}}'s {{Perspective}}},
  volume = {6},
  issn = {2169-3536},
  shorttitle = {Resource {{Modeling}} and {{Scheduling}} for {{Mobile Edge Computing}}},
  journal = {IEEE Access},
  doi = {10.1109/ACCESS.2018.2851392},
  author = {Guo, S. and Wu, D. and Zhang, H. and Yuan, D.},
  year = {2018},
  pages = {35611-35623}
}

@inproceedings{nuaimi2016predicting,
  title = {Predicting the Decision for the Provision of Municipal Services Using Data Mining Approaches},
  booktitle = {2016 3rd {{MEC International Conference}} on {{Big Data}} and {{Smart City}} ({{ICBDSC}})},
  doi = {10.1109/ICBDSC.2016.7460387},
  author = {Nuaimi, E. A. and Marzooqi, S. A. and Zaki, N.},
  month = mar,
  year = {2016},
  pages = {1-6}
}

@inproceedings{tan2017locationaware,
  title = {Location-Aware Load Prediction in {{Edge Data Centers}}},
  booktitle = {Proceedings of 2017 {{Second International Conference}} on {{Fog}} and {{Mobile Edge Computing}} ({{FMEC}})},
  doi = {10.1109/FMEC.2017.7946403},
  author = {Tan, Chanh Nguyen Le and Klein, C. and Elmroth, E.},
  month = may,
  year = {2017},
  pages = {25-31}
}

@inproceedings{ha2017webbased,
  title = {A Web-Based Service Deployment Method to Edge Devices in Smart Factory Exploiting {{Docker}}},
  booktitle = {2017 {{International Conference}} on {{Information}} and {{Communication Technology Convergence}} ({{ICTC}})},
  doi = {10.1109/ICTC.2017.8190760},
  author = {Ha, J. and Kim, J. and Park, H. and Lee, J. and Jo, H. and Kim, H. and Jang, J.},
  month = oct,
  year = {2017},
  pages = {708-710}
}

@inproceedings{jararweh2016future,
  title = {The Future of Mobile Cloud Computing: {{Integrating}} Cloudlets and {{Mobile Edge Computing}}},
  shorttitle = {The Future of Mobile Cloud Computing},
  booktitle = {2016 23rd {{International Conference}} on {{Telecommunications}} ({{ICT}})},
  doi = {10.1109/ICT.2016.7500486},
  author = {Jararweh, Y. and Doulat, A. and AlQudah, O. and Ahmed, E. and {Al-Ayyoub}, M. and Benkhelifa, E.},
  month = may,
  year = {2016},
  pages = {1-5}
}

@inproceedings{baig2016fostering,
  title = {Fostering {{Collaborative Edge Service Provision}} in {{Community Clouds}} with {{Docker}}},
  booktitle = {2016 {{IEEE International Conference}} on {{Computer}} and {{Information Technology}} ({{CIT}})},
  doi = {10.1109/CIT.2016.39},
  author = {Baig, R. and Freitag, F. and Navarro, L.},
  month = dec,
  year = {2016},
  pages = {560-567}
}

@inproceedings{tinghe2018it,
  address = {{Vienna}},
  title = {It's {{Hard}} to {{Share}}: {{Joint Service Placement}} and {{Request Scheduling}} in {{Edge Clouds}} with {{Sharable}} and {{Non}}-{{Sharable Resources}}},
  isbn = {978-1-5386-6871-9},
  shorttitle = {It's {{Hard}} to {{Share}}},
  booktitle = {2018 {{IEEE}} 38th {{International Conference}} on {{Distributed Computing Systems}} ({{ICDCS}})},
  publisher = {{IEEE}},
  doi = {10.1109/ICDCS.2018.00044},
  author = {{Ting He} and {Hana Khamfroush} and {Shiqiang Wang} and {Tom La Porta} and {Sebastian Stein}},
  month = jul,
  year = {2018},
  pages = {365-375}
}

@article{wu2018dynamic,
  title = {Dynamic {{Deployment}} and {{Cost}}-{{Sensitive Provisioning}} for {{Elastic Mobile Cloud Services}}},
  volume = {17},
  issn = {1536-1233},
  number = {6},
  journal = {IEEE Transactions on Mobile Computing},
  doi = {10.1109/TMC.2017.2771427},
  author = {Wu, Kuo-Chu and Liu, Wei-Yi and Wu, Shiow-Yang},
  month = jun,
  year = {2018},
  pages = {1326-1338}
}

@inproceedings{kanda2018dynamic,
  address = {{Las Vegas, NV}},
  title = {Dynamic Resource Control Method Based on Real World Representation with Potential Field},
  isbn = {978-1-5386-4790-5},
  booktitle = {Proceedings of 2018 15th {{IEEE Annual Consumer Communications}} \& {{Networking Conference}} ({{CCNC}})},
  publisher = {{IEEE}},
  doi = {10.1109/CCNC.2018.8319202},
  author = {Kanda, Koudai and Arakawa, Shin'ichi and Imai, Satoshi and Katagiri, Toru and Sekiya, Motoyoshi and Murata, Masayuki},
  month = jan,
  year = {2018},
  pages = {1-6}
}

@inproceedings{katsalis2016sladriven,
  address = {{San Francisco, CA, USA}},
  title = {{{SLA}}-{{Driven VM Scheduling}} in {{Mobile Edge Computing}}},
  isbn = {978-1-5090-2619-7},
  booktitle = {Proceedings of 2016 {{IEEE}} 9th {{International Conference}} on {{Cloud Computing}} ({{CLOUD}})},
  publisher = {{IEEE}},
  doi = {10.1109/CLOUD.2016.0104},
  author = {Katsalis, Kostas and Papaioannou, Thanasis G. and Nikaein, Navid and Tassiulas, Leandros},
  month = jun,
  year = {2016},
  pages = {750-757}
}

@inproceedings{chen2017dynamica,
  address = {{Chongqing, China}},
  title = {A Dynamic Two-Phase Schedule Strategy for Streaming Media Edge Cloud},
  isbn = {978-1-5090-4657-7},
  booktitle = {Proceedings of 2017 29th {{Chinese Control And Decision Conference}} ({{CCDC}})},
  publisher = {{IEEE}},
  doi = {10.1109/CCDC.2017.7978895},
  author = {Chen, Zewei and Wang, Zilei and Xi, Hongsheng},
  month = may,
  year = {2017},
  pages = {2281-2286}
}

@article{zhao2018optimal,
  title = {Optimal {{Placement}} of {{Virtual Machines}} for {{Supporting Multiple Applications}} in {{Mobile Edge Networks}}},
  issn = {0018-9545, 1939-9359},
  journal = {IEEE Transactions on Vehicular Technology},
  doi = {10.1109/TVT.2018.2808171},
  author = {Zhao, Lei and Liu, Jiajia},
  year = {2018},
  pages = {1-1}
}

@inproceedings{kim2017practical,
  address = {{Melbourne, VIC}},
  title = {Practical Service Allocation in Mobile Edge Computing Systems},
  isbn = {978-1-5090-6796-1},
  booktitle = {Proceedings of 2017 27th {{International Telecommunication Networks}} and {{Applications Conference}} ({{ITNAC}})},
  publisher = {{IEEE}},
  doi = {10.1109/ATNAC.2017.8215372},
  author = {Kim, Sung-Yeon and {de Foy}, Xavier and Reznik, Alex},
  month = nov,
  year = {2017},
  pages = {1-6}
}

@inproceedings{liu2017edge,
  address = {{San Francisco, CA}},
  title = {Edge Computing Framework for Distributed Smart Applications},
  isbn = {978-1-5386-0435-9},
  booktitle = {2017 {{IEEE SmartWorld}}, {{Ubiquitous Intelligence}} \& {{Computing}}, {{Advanced}} \& {{Trusted Computed}}, {{Scalable Computing}} \& {{Communications}}, {{Cloud}} \& {{Big Data Computing}}, {{Internet}} of {{People}} and {{Smart City Innovation}} ({{SmartWorld}}/{{SCALCOM}}/{{UIC}}/{{ATC}}/{{CBDCom}}/{{IOP}}/{{SCI}})},
  publisher = {{IEEE}},
  doi = {10.1109/UIC-ATC.2017.8397448},
  author = {Liu, Kaikai and Gurudutt, Abhishek and Kamaal, Tejeshwar and Divakara, Chinmayi and Prabhakaran, Praveen},
  month = aug,
  year = {2017},
  pages = {1-8},
  note = {解决边缘系统中ip管理等问题，值得参考}
}

@inproceedings{villari2017deployment,
  address = {{Heraklion, Greece}},
  title = {Deployment Orchestration of Microservices with Geographical Constraints for {{Edge}} Computing},
  isbn = {978-1-5386-1629-1},
  booktitle = {Proceedings of 2017 {{IEEE Symposium}} on {{Computers}} and {{Communications}} ({{ISCC}})},
  publisher = {{IEEE}},
  doi = {10.1109/ISCC.2017.8024599},
  author = {Villari, Massimo and Celesti, Antonio and Tricomi, Giuseppe and Galletta, Antonino and Fazio, Maria},
  month = jul,
  year = {2017},
  pages = {633-638}
}

@inproceedings{guerrero-contreras2015dynamic,
  series = {Advances in {{Intelligent Systems}} and {{Computing}}},
  title = {Dynamic {{Replication}} and {{Deployment}} of {{Services}} in {{Mobile Environments}}},
  isbn = {978-3-319-16486-1},
  language = {en},
  booktitle = {Proceedings of {{New Contributions}} in {{Information Systems}} and {{Technologies}}},
  publisher = {{Springer International Publishing}},
  author = {{Guerrero-Contreras}, Gabriel and {Rodr{\'i}guez-Dom{\'i}nguez}, Carlos and {Balderas-D{\'i}az}, Sara and Garrido, Jos{\'e} Luis},
  editor = {Rocha, Alvaro and Correia, Ana Maria and Costanzo, Sandra and Reis, Luis Paulo},
  year = {2015},
  pages = {855-864}
}

@inproceedings{vanderburg2011selfadaptive,
  address = {{New York, NY, USA}},
  series = {{{SEAMS}} '11},
  title = {A {{Self}}-Adaptive {{Deployment Framework}} for {{Service}}-Oriented {{Systems}}},
  isbn = {978-1-4503-0575-4},
  booktitle = {Proceedings of the 6th {{International Symposium}} on {{Software Engineering}} for {{Adaptive}} and {{Self}}-{{Managing Systems}}},
  publisher = {{ACM}},
  doi = {10.1145/1988008.1988039},
  author = {{van der Burg}, Sander and Dolstra, Eelco},
  year = {2011},
  pages = {208--217}
}

@article{yang2016cost,
  title = {Cost {{Aware Service Placement}} and {{Load Dispatching}} in {{Mobile Cloud Systems}}},
  volume = {65},
  issn = {0018-9340},
  number = {5},
  journal = {IEEE Transactions on Computers},
  doi = {10.1109/TC.2015.2435781},
  author = {Yang, Lei and Cao, Jiannong and Liang, Guanqing and Han, Xu},
  month = may,
  year = {2016},
  pages = {1440-1452}
}

@article{pham2017trafficaware,
  title = {Traffic-Aware and {{Energy}}-Efficient {{vNF Placement}} for {{Service Chaining}}: {{Joint Sampling}} and {{Matching Approach}}},
  issn = {1939-1374},
  shorttitle = {Traffic-Aware and {{Energy}}-Efficient {{vNF Placement}} for {{Service Chaining}}},
  language = {en},
  journal = {IEEE Transactions on Services Computing},
  doi = {10.1109/TSC.2017.2671867},
  author = {Pham, Chuan and Tran, Nguyen H. and Ren, Shaolei and Saad, Walid and Hong, Choong Seon},
  year = {2017},
  pages = {1-1}
}

@article{wang2018green,
  title = {Towards {{Green Service Composition Approach}} in the {{Cloud}}},
  issn = {1939-1374},
  journal = {IEEE Transactions on Services Computing},
  doi = {10.1109/TSC.2018.2868356},
  author = {Wang, S. and Zhou, A. and Bao, R. and Chou, W. and Yau, S. S.},
  year = {2018},
  pages = {1-1}
}

@inproceedings{breslau1999web,
  address = {{New York, NY, USA}},
  title = {Web Caching and {{Zipf}}-like Distributions: Evidence and Implications},
  isbn = {978-0-7803-5417-3},
  shorttitle = {Web Caching and {{Zipf}}-like Distributions},
  booktitle = {{{IEEE INFOCOM}} '99. {{Conference}} on {{Computer Communications}}. {{Proceedings}}. {{Eighteenth Annual Joint Conference}} of the {{IEEE Computer}} and {{Communications Societies}}. {{The Future}} Is {{Now}} ({{Cat}}. {{No}}.{{99CH36320}})},
  publisher = {{IEEE}},
  doi = {10.1109/INFCOM.1999.749260},
  author = {Breslau, L. and {Pei Cao} and {Li Fan} and Phillips, G. and Shenker, S.},
  year = {1999},
  pages = {126-134 vol.1}
}

@article{zipf1929relative,
  title = {Relative {{Frequency}} as a {{Determinant}} of {{Phonetic Change}}},
  volume = {40},
  issn = {0073-0688},
  journal = {Harvard Studies in Classical Philology},
  doi = {10.2307/310585},
  author = {Zipf, George Kingsley},
  year = {1929},
  pages = {1-95}
}

@article{wangcloudguided,
  title = {A {{Cloud}}-Guided {{Feature Extraction Approach}} for {{Image Retrieval}} in {{Mobile Edge Computing}}},
  language = {en},
  journal = {IEEE TRANSACTIONS ON MOBILE COMPUTING},
  author = {Wang, Shangguang and Zhou, Ao and Cao, Jiannong},
  pages = {11}
}

@article{shi2016edge,
  title = {Edge {{Computing}}: {{Vision}} and {{Challenges}}},
  volume = {3},
  issn = {2327-4662},
  shorttitle = {Edge {{Computing}}},
  number = {5},
  journal = {IEEE Internet of Things Journal},
  doi = {10.1109/JIOT.2016.2579198},
  author = {Shi, Weisong and Cao, Jie and Zhang, Quan and Li, Youhuizi and Xu, Lanyu},
  month = oct,
  year = {2016},
  pages = {637-646}
}

@article{solozabal2018exploitation,
  title = {Exploitation of {{Mobile Edge Computing}} in {{5G Distributed Mission}}-{{Critical Push}}-to-{{Talk Service Deployment}}},
  volume = {6},
  issn = {2169-3536},
  language = {en},
  journal = {IEEE Access},
  doi = {10.1109/ACCESS.2018.2849200},
  author = {Solozabal, Ruben and Sanchoyerto, Aitor and Atxutegi, Eneko and Blanco, Bego and Fajardo, Jose Oscar and Liberal, Fidel},
  year = {2018},
  pages = {37665-37675}
}

@article{liu2018new,
  title = {A {{New Deep Learning}}-{{Based Food Recognition System}} for {{Dietary Assessment}} on {{An Edge Computing Service Infrastructure}}},
  volume = {11},
  issn = {1939-1374},
  number = {2},
  journal = {IEEE Transactions on Services Computing},
  doi = {10.1109/TSC.2017.2662008},
  author = {Liu, C. and Cao, Y. and Luo, Y. and Chen, G. and Vokkarane, V. and Yunsheng, M. and Chen, S. and Hou, P.},
  month = mar,
  year = {2018},
  pages = {249-261}
}

@article{zhou2018data,
  title = {A {{Data Set}} for {{User Request Trace}}-{{Oriented Monitoring}} and Its {{Applications}}},
  volume = {11},
  issn = {1939-1374},
  number = {4},
  journal = {IEEE Transactions on Services Computing},
  doi = {10.1109/TSC.2015.2491286},
  author = {Zhou, J. and Chen, Z. and Wang, J. and Zheng, Z. and Lyu, M. R.},
  month = jul,
  year = {2018},
  pages = {699-712}
}

@article{chase2017joint,
  title = {Joint {{Optimization}} of {{Resource Provisioning}} in {{Cloud Computing}}},
  volume = {10},
  issn = {1939-1374},
  number = {3},
  journal = {IEEE Transactions on Services Computing},
  doi = {10.1109/TSC.2015.2476812},
  author = {Chase, J. and Niyato, D.},
  month = may,
  year = {2017},
  pages = {396-409}
}

@article{lv2018efficient,
  title = {Efficient {{Dynamic Evolution}} of {{Service Composition}}},
  volume = {11},
  issn = {1939-1374},
  number = {4},
  journal = {IEEE Transactions on Services Computing},
  doi = {10.1109/TSC.2015.2466544},
  author = {Lv, C. and Jiang, W. and Hu, S. and Wang, J. and Lu, G. and Liu, Z.},
  month = jul,
  year = {2018},
  pages = {630-643}
}

@article{neto2018uloof,
  title = {{{ULOOF}}: {{A User Level Online Offloading Framework}} for {{Mobile Edge Computing}}},
  volume = {17},
  issn = {1536-1233},
  shorttitle = {{{ULOOF}}},
  number = {11},
  journal = {IEEE Transactions on Mobile Computing},
  doi = {10.1109/TMC.2018.2815015},
  author = {Neto, J. L. D. and Yu, S. and Macedo, D. F. and Nogueira, J. M. S. and Langar, R. and Secci, S.},
  month = nov,
  year = {2018},
  pages = {2660-2674}
}

@article{qiu2018rppm,
  title = {{{RPPM}}: {{A Request Pre}}-{{Processing Method}} for {{Real}}-{{Time On}}-{{Demand Data Broadcast Scheduling}}},
  volume = {17},
  issn = {1536-1233},
  shorttitle = {{{RPPM}}},
  number = {11},
  journal = {IEEE Transactions on Mobile Computing},
  doi = {10.1109/TMC.2018.2813392},
  author = {Qiu, Z. and Hu, W. and Du, B.},
  month = nov,
  year = {2018},
  pages = {2619-2631}
}

@article{naserian2018framework,
  title = {A {{Framework}} of {{Loose Travelling Companion Discovery}} from {{Human Trajectories}}},
  volume = {17},
  issn = {1536-1233},
  number = {11},
  journal = {IEEE Transactions on Mobile Computing},
  doi = {10.1109/TMC.2018.2813369},
  author = {Naserian, E. and Wang, X. and Xu, X. and Dong, Y.},
  month = nov,
  year = {2018},
  pages = {2497-2511}
}

@article{bujari2018comparison,
  title = {A {{Comparison}} of {{Stateless Position}}-Based {{Packet Routing Algorithms}} for {{FANETs}}},
  volume = {17},
  issn = {1536-1233},
  number = {11},
  journal = {IEEE Transactions on Mobile Computing},
  doi = {10.1109/TMC.2018.2811490},
  author = {Bujari, A. and Palazzi, C. E. and Ronzani, D.},
  month = nov,
  year = {2018},
  pages = {2468-2482}
}

@article{tiagogamarodrigues2018cloudlets,
  title = {Cloudlets {{Activation Scheme}} for {{Scalable Mobile Edge Computing}} with {{Transmission Power Control}} and {{Virtual Machine Migration}}},
  volume = {67},
  issn = {0018-9340},
  number = {9},
  journal = {IEEE Transactions on Computers},
  doi = {10.1109/TC.2018.2818144},
  author = {{Tiago Gama Rodrigues} and {Katsuya Suto} and {Hiroki Nishiyama} and {Nei Kato} and {Katsuhiro Temma}},
  month = sep,
  year = {2018},
  pages = {1287-1300}
}

@article{yin2017edge,
  title = {Edge {{Provisioning}} with {{Flexible Server Placement}}},
  volume = {28},
  issn = {1045-9219},
  number = {4},
  journal = {IEEE Transactions on Parallel and Distributed Systems},
  doi = {10.1109/TPDS.2016.2604803},
  author = {Yin, H. and Zhang, X. and Liu, H. H. and Luo, Y. and Tian, C. and Zhao, S. and Li, F.},
  month = apr,
  year = {2017},
  pages = {1031-1045}
}

@article{nesher2014selfrecognition,
  title = {Self-{{Recognition Mechanism}} between {{Skin}} and {{Suckers Prevents Octopus Arms}} from {{Interfering}} with {{Each Other}}},
  volume = {24},
  issn = {09609822},
  language = {en},
  number = {11},
  journal = {Current Biology},
  doi = {10.1016/j.cub.2014.04.024},
  author = {Nesher, Nir and Levy, Guy and Grasso, Frank W. and Hochner, Binyamin},
  month = jun,
  year = {2014},
  pages = {1271-1275}
}

@inproceedings{mohan2018anveshak,
  address = {{New York, NY, USA}},
  series = {{{MECOMM}}'18},
  title = {Anveshak: {{Placing Edge Servers In The Wild}}},
  isbn = {978-1-4503-5906-1},
  shorttitle = {Anveshak},
  booktitle = {Proceedings of the 2018 {{Workshop}} on {{Mobile Edge Communications}}},
  publisher = {{ACM}},
  doi = {10.1145/3229556.3229560},
  author = {Mohan, Nitinder and Zavodovski, Aleksandr and Zhou, Pengyuan and Kangasharju, Jussi},
  year = {2018},
  pages = {7--12}
}

@inproceedings{ren2018lowcost,
  title = {A {{Low}}-{{Cost Edge Server Placement Strategy}} in {{Wireless Metropolitan Area Networks}}},
  booktitle = {2018 27th {{International Conference}} on {{Computer Communication}} and {{Networks}} ({{ICCCN}})},
  doi = {10.1109/ICCCN.2018.8487438},
  author = {Ren, Y. and Zeng, F. and Li, W. and Meng, L.},
  month = jul,
  year = {2018},
  pages = {1-6}
}

@article{jin2018cooperative,
  title = {Cooperative Storage by Exploiting Graph-Based Data Placement Algorithm for Edge Computing Environment},
  volume = {30},
  copyright = {\textcopyright{} 2018 John Wiley \& Sons, Ltd.},
  issn = {1532-0634},
  language = {en},
  number = {20},
  journal = {Concurrency and Computation: Practice and Experience},
  doi = {10.1002/cpe.4914},
  author = {Jin, Jiahui and Li, Yunhao and Luo, Junzhou},
  month = oct,
  year = {2018},
  pages = {e4914}
}

@inproceedings{fan2017cost,
  title = {Cost {{Aware}} Cloudlet {{Placement}} for Big Data Processing at the Edge},
  booktitle = {Proceedings of {{IEEE International Conference}} on {{Communications}} ({{ICC}} 2017)},
  doi = {10.1109/ICC.2017.7996722},
  author = {Fan, Q. and Ansari, N.},
  month = may,
  year = {2017},
  pages = {1-6}
}

@inproceedings{zhu2017availabilityaware,
  title = {Availability-{{Aware Mobile Edge Application Placement}} in {{5G Networks}}},
  booktitle = {{{GLOBECOM}} 2017 - 2017 {{IEEE Global Communications Conference}}},
  doi = {10.1109/GLOCOM.2017.8254591},
  author = {Zhu, H. and Huang, C.},
  month = dec,
  year = {2017},
  pages = {1-6}
}

@inproceedings{wang2017virtual,
  title = {Virtual Machine Placement and Workload Assignment for Mobile Edge Computing},
  booktitle = {2017 {{IEEE}} 6th {{International Conference}} on {{Cloud Networking}} ({{CloudNet}})},
  doi = {10.1109/CloudNet.2017.8071527},
  author = {Wang, W. and Zhao, Y. and Tornatore, M. and Gupta, A. and Zhang, J. and Mukherjee, B.},
  month = sep,
  year = {2017},
  pages = {1-6}
}

@article{li2018qoedriven,
  title = {{{QoE}}-{{Driven Mobile Edge Caching Placement}} for {{Adaptive Video Streaming}}},
  volume = {20},
  issn = {1520-9210},
  number = {4},
  journal = {IEEE Transactions on Multimedia},
  doi = {10.1109/TMM.2017.2757761},
  author = {Li, C. and Toni, L. and Zou, J. and Xiong, H. and Frossard, P.},
  month = apr,
  year = {2018},
  pages = {965-984}
}

@article{chang2018hotspot,
  title = {Hotspot {{Mitigation}} for {{Mobile Edge Computing}}},
  issn = {2377-3782},
  journal = {IEEE Transactions on Sustainable Computing},
  doi = {10.1109/TSUSC.2018.2878438},
  author = {Chang, W. and Chen, Y. and Wang, P.},
  year = {2018},
  pages = {1-1}
}

@inproceedings{aryal2018dynamic,
  title = {Dynamic Application Deployment in Federations of Clouds and Edge Resources Using a Multiobjective Optimization {{AI}} Algorithm},
  booktitle = {2018 {{Third International Conference}} on {{Fog}} and {{Mobile Edge Computing}} ({{FMEC}})},
  doi = {10.1109/FMEC.2018.8364057},
  author = {Aryal, R. G. and Altmann, J.},
  month = apr,
  year = {2018},
  pages = {147-154}
}

@article{zhu2017location,
  title = {Location Deployment of Depots and Resource Relocation for Connected Car-Sharing Systems through Mobile Edge Computing:},
  shorttitle = {Location Deployment of Depots and Resource Relocation for Connected Car-Sharing Systems through Mobile Edge Computing},
  language = {en},
  journal = {International Journal of Distributed Sensor Networks},
  doi = {10.1177/1550147717711621},
  author = {Zhu, Xiaolu and Li, Jinglin and Liu, Zhihan and Yang, Fangchun},
  month = jun,
  year = {2017}
}

@article{neidhardtcloud,
  title = {Cloud {{Service Billing}} and {{Service Level Agreement Monitoring}} Based on {{Blockchain}}},
  language = {en},
  author = {Neidhardt, Nils and K{\"o}hler, Carsten and N{\"u}ttgens, Markus},
  pages = {5}
}

@article{wu2018novel,
  title = {A Novel Service Deployment Approach Based on Resilience Metrics for Service-Oriented System},
  volume = {22},
  issn = {1617-4917},
  language = {en},
  number = {5},
  journal = {Personal and Ubiquitous Computing},
  doi = {10.1007/s00779-018-1163-0},
  author = {Wu, Yumei and Fang, Yuanyuan and Liu, Bin and Zhao, Zehui},
  month = oct,
  year = {2018},
  pages = {1099-1107}
}

@article{vogler2018optimizing,
  title = {Optimizing {{Elastic IoT Application Deployments}}},
  volume = {11},
  issn = {1939-1374},
  number = {5},
  journal = {IEEE Transactions on Services Computing},
  doi = {10.1109/TSC.2016.2617327},
  author = {V{\"o}gler, M. and Schleicher, J. M. and Inzinger, C. and Dustdar, S.},
  month = sep,
  year = {2018},
  pages = {879-892}
}

@article{ouyang2018follow,
  title = {Follow {{Me}} at the {{Edge}}: {{Mobility}}-{{Aware Dynamic Service Placement}} for {{Mobile Edge Computing}}},
  volume = {36},
  issn = {0733-8716},
  shorttitle = {Follow {{Me}} at the {{Edge}}},
  number = {10},
  journal = {IEEE Journal on Selected Areas in Communications},
  doi = {10.1109/JSAC.2018.2869954},
  author = {Ouyang, T. and Zhou, Z. and Chen, X.},
  month = oct,
  year = {2018},
  pages = {2333-2345}
}

@article{zhu2018edgeplace,
  title = {{{EdgePlace}}: {{Availability}}-Aware Placement for Chained Mobile Edge Applications},
  volume = {29},
  copyright = {\textcopyright{} 2018 John Wiley \& Sons, Ltd.},
  issn = {2161-3915},
  shorttitle = {{{EdgePlace}}},
  language = {en},
  number = {11},
  journal = {Transactions on Emerging Telecommunications Technologies},
  doi = {10.1002/ett.3504},
  author = {Zhu, He and Huang, Changcheng},
  year = {2018},
  pages = {e3504}
}

@article{pu2018online,
  title = {Online {{Resource Allocation}}, {{Content Placement}} and {{Request Routing}} for {{Cost}}-{{Efficient Edge Caching}} in {{Cloud Radio Access Networks}}},
  volume = {36},
  issn = {0733-8716},
  number = {8},
  journal = {IEEE Journal on Selected Areas in Communications},
  doi = {10.1109/JSAC.2018.2844624},
  author = {Pu, L. and Jiao, L. and Chen, X. and Wang, L. and Xie, Q. and Xu, J.},
  month = aug,
  year = {2018},
  pages = {1751-1767}
}

@article{aral2018decentralized,
  title = {A {{Decentralized Replica Placement Algorithm}} for {{Edge Computing}}},
  volume = {15},
  issn = {1932-4537},
  number = {2},
  journal = {IEEE Transactions on Network and Service Management},
  doi = {10.1109/TNSM.2017.2788945},
  author = {Aral, A. and Ovatman, T.},
  month = jun,
  year = {2018},
  pages = {516-529}
}

@article{chang2018adaptive,
  title = {Adaptive {{Replication}} for {{Mobile Edge Computing}}},
  volume = {36},
  issn = {0733-8716},
  number = {11},
  journal = {IEEE Journal on Selected Areas in Communications},
  doi = {10.1109/JSAC.2018.2874140},
  author = {Chang, W. and Wang, P.},
  month = nov,
  year = {2018},
  pages = {2422-2432}
}

@inproceedings{premsankar2018efficient,
  title = {Efficient Placement of Edge Computing Devices for Vehicular Applications in Smart Cities},
  booktitle = {{{NOMS}} 2018 - 2018 {{IEEE}}/{{IFIP Network Operations}} and {{Management Symposium}}},
  doi = {10.1109/NOMS.2018.8406256},
  author = {Premsankar, G. and Ghaddar, B. and Francesco, M. Di and Verago, R.},
  month = apr,
  year = {2018},
  pages = {1-9}
}

@article{chantre2018multiobjective,
  title = {Multi-{{Objective Optimization}} for {{Edge Device Placement}} and {{Reliable Broadcasting}} in {{5G NFV}}-{{Based Small Cell Networks}}},
  volume = {36},
  issn = {0733-8716},
  number = {10},
  journal = {IEEE Journal on Selected Areas in Communications},
  doi = {10.1109/JSAC.2018.2869966},
  author = {Chantre, H. D. and da Fonseca, N. L. S.},
  month = oct,
  year = {2018},
  pages = {2304-2317}
}

@inproceedings{zhu2017monitoring,
  title = {Monitoring and {{Billing}} of {{A Lightweight Cloud System Based}} on {{Linux Container}}},
  booktitle = {Proceedings of the  37th {{IEEE International Conference}} on {{Distributed Computing Systems Workshops}} ({{ICDCSW}} 2017)},
  doi = {10.1109/ICDCSW.2017.73},
  author = {Zhu, Y. and Ma, J. and An, B. and Cao, D.},
  month = jun,
  year = {2017},
  pages = {325-329}
}

@inproceedings{junior2016parallelism,
  title = {Parallelism and {{Scalability}}: {{A Solution Focused}} on the {{Cloud Computing Processing Service Billing}}},
  shorttitle = {Parallelism and {{Scalability}}},
  booktitle = {Proceedings of {{International Symposium}} on {{Computer Architecture}} and {{High Performance Computing Workshops}} ({{SBAC}}-{{PADW}} 2016)},
  doi = {10.1109/SBAC-PADW.2016.14},
  author = {Junior, E. M. De Sousa and Sardina, I. M. and Lopes, F.},
  month = oct,
  year = {2016},
  pages = {31-36}
}

@inproceedings{li2018energyaware,
  title = {An {{Energy}}-{{Aware Edge Server Placement Algorithm}} in {{Mobile Edge Computing}}},
  booktitle = {Proceedings of  {{IEEE International Conference}} on {{Edge Computing}} ({{EDGE}} 2018)},
  doi = {10.1109/EDGE.2018.00016},
  author = {Li, Y. and Wang, S.},
  month = jul,
  year = {2018},
  pages = {66-73}
}

@article{teerapittayanon2017branchynet,
  archivePrefix = {arXiv},
  eprinttype = {arxiv},
  eprint = {1709.01686},
  primaryClass = {cs},
  title = {{{BranchyNet}}: {{Fast Inference}} via {{Early Exiting}} from {{Deep Neural Networks}}},
  shorttitle = {{{BranchyNet}}},
  journal = {arXiv:1709.01686 [cs]},
  author = {Teerapittayanon, Surat and McDanel, Bradley and Kung, H. T.},
  month = sep,
  year = {2017}
}

@article{giust2018multiaccess,
  title = {Multi-{{Access Edge Computing}}: {{The Driver Behind}} the {{Wheel}} of {{5G}}-{{Connected Cars}}},
  volume = {2},
  issn = {2471-2825},
  shorttitle = {Multi-{{Access Edge Computing}}},
  number = {3},
  journal = {IEEE Communications Standards Magazine},
  doi = {10.1109/MCOMSTD.2018.1800013},
  author = {Giust, F. and Sciancalepore, V. and Sabella, D. and Filippou, M. C. and Mangiante, S. and Featherstone, W. and Munaretto, D.},
  month = sep,
  year = {2018},
  pages = {66-73}
}

@inproceedings{fang2018nestdnn,
  address = {{New York, NY, USA}},
  series = {{{MobiCom}} '18},
  title = {{{NestDNN}}: {{Resource}}-{{Aware Multi}}-{{Tenant On}}-{{Device Deep Learning}} for {{Continuous Mobile Vision}}},
  isbn = {978-1-4503-5903-0},
  shorttitle = {{{NestDNN}}},
  booktitle = {Proceedings of the 24th {{Annual International Conference}} on {{Mobile Computing}} and {{Networking}}},
  publisher = {{ACM}},
  doi = {10.1145/3241539.3241559},
  author = {Fang, Biyi and Zeng, Xiao and Zhang, Mi},
  year = {2018},
  pages = {115--127}
}

@article{murray2011skillful,
  title = {Skillful Writing of an Awful Research Paper},
  volume = {83},
  issn = {0003-2700, 1520-6882},
  language = {en},
  number = {3},
  journal = {Analytical Chemistry},
  doi = {10.1021/ac2000169},
  editor = {Murray, Royce},
  month = feb,
  year = {2011},
  pages = {633-633}
}

@article{plachy2016path,
  title = {Path Selection Enabling User Mobility and Efficient Distribution of Data for Computation at the Edge of Mobile Network},
  volume = {108},
  issn = {1389-1286},
  journal = {Computer Networks},
  doi = {10.1016/j.comnet.2016.09.005},
  author = {Plachy, Jan and Becvar, Zdenek and Mach, Pavel},
  month = oct,
  year = {2016},
  pages = {357-370}
}

@inproceedings{banerjee2018edge,
  address = {{New York, NY, USA}},
  series = {{{MobiCom}} '18},
  title = {Edge {{Computing}} with {{ParaDrop Tutorial}}},
  isbn = {978-1-4503-5903-0},
  booktitle = {Proceedings of the 24th {{Annual International Conference}} on {{Mobile Computing}} and {{Networking}}},
  publisher = {{ACM}},
  doi = {10.1145/3241539.3270097},
  author = {Banerjee, Suman},
  year = {2018},
  pages = {657--657}
}

@inproceedings{guo2018foggycache,
  address = {{New York, NY, USA}},
  series = {{{MobiCom}} '18},
  title = {{{FoggyCache}}: {{Cross}}-{{Device Approximate Computation Reuse}}},
  isbn = {978-1-4503-5903-0},
  shorttitle = {{{FoggyCache}}},
  booktitle = {Proceedings of the 24th {{Annual International Conference}} on {{Mobile Computing}} and {{Networking}}},
  publisher = {{ACM}},
  doi = {10.1145/3241539.3241557},
  author = {Guo, Peizhen and Hu, Bo and Li, Rui and Hu, Wenjun},
  year = {2018},
  pages = {19--34}
}

@inproceedings{xu2018deepcache,
  address = {{New York, NY, USA}},
  series = {{{MobiCom}} '18},
  title = {{{DeepCache}}: {{Principled Cache}} for {{Mobile Deep Vision}}},
  isbn = {978-1-4503-5903-0},
  shorttitle = {{{DeepCache}}},
  booktitle = {Proceedings of the 24th {{Annual International Conference}} on {{Mobile Computing}} and {{Networking}}},
  publisher = {{ACM}},
  doi = {10.1145/3241539.3241563},
  author = {Xu, Mengwei and Zhu, Mengze and Liu, Yunxin and Lin, Felix Xiaozhu and Liu, Xuanzhe},
  year = {2018},
  pages = {129--144}
}

@inproceedings{li2018batteryfree,
  address = {{New York, NY, USA}},
  series = {{{MobiCom}} '18},
  title = {Battery-{{Free Eye Tracker}} on {{Glasses}}},
  isbn = {978-1-4503-5903-0},
  booktitle = {Proceedings of the 24th {{Annual International Conference}} on {{Mobile Computing}} and {{Networking}}},
  publisher = {{ACM}},
  doi = {10.1145/3241539.3241578},
  author = {Li, Tianxing and Zhou, Xia},
  year = {2018},
  pages = {67--82}
}

@inproceedings{xu2018joint,
  title = {Joint {{Service Caching}} and {{Task Offloading}} for {{Mobile Edge Computing}} in {{Dense Networks}}},
  booktitle = {{{IEEE INFOCOM}} 2018 - {{IEEE Conference}} on {{Computer Communications}}},
  doi = {10.1109/INFOCOM.2018.8485977},
  author = {Xu, J. and Chen, L. and Zhou, P.},
  month = apr,
  year = {2018},
  pages = {207-215}
}

@inproceedings{wang2018when,
  title = {When {{Edge Meets Learning}}: {{Adaptive Control}} for {{Resource}}-{{Constrained Distributed Machine Learning}}},
  shorttitle = {When {{Edge Meets Learning}}},
  booktitle = {{{IEEE INFOCOM}} 2018 - {{IEEE Conference}} on {{Computer Communications}}},
  doi = {10.1109/INFOCOM.2018.8486403},
  author = {Wang, S. and Tuor, T. and Salonidis, T. and Leung, K. K. and Makaya, C. and He, T. and Chan, K.},
  month = apr,
  year = {2018},
  pages = {63-71}
}

@inproceedings{wang2018service,
  title = {Service {{Entity Placement}} for {{Social Virtual Reality Applications}} in {{Edge Computing}}},
  booktitle = {{{IEEE INFOCOM}} 2018 - {{IEEE Conference}} on {{Computer Communications}}},
  doi = {10.1109/INFOCOM.2018.8486411},
  author = {Wang, L. and Jiao, L. and He, T. and Li, J. and M{\"u}hlh{\"a}user, M.},
  month = apr,
  year = {2018},
  pages = {468-476}
}

@inproceedings{liu2018edge,
  title = {An {{Edge Network Orchestrator}} for {{Mobile Augmented Reality}}},
  booktitle = {{{IEEE INFOCOM}} 2018 - {{IEEE Conference}} on {{Computer Communications}}},
  doi = {10.1109/INFOCOM.2018.8486241},
  author = {Liu, Q. and Huang, S. and Opadere, J. and Han, T.},
  month = apr,
  year = {2018},
  pages = {756-764}
}

@inproceedings{cziva2018dynamic,
  title = {Dynamic, {{Latency}}-{{Optimal vNF Placement}} at the {{Network Edge}}},
  booktitle = {{{IEEE INFOCOM}} 2018 - {{IEEE Conference}} on {{Computer Communications}}},
  doi = {10.1109/INFOCOM.2018.8486021},
  author = {Cziva, R. and Anagnostopoulos, C. and Pezaros, D. P.},
  month = apr,
  year = {2018},
  pages = {693-701}
}

@inproceedings{qin2018sdn,
  title = {{{SDN Controller Placement}} at the {{Edge}}: {{Optimizing Delay}} and {{Overheads}}},
  shorttitle = {{{SDN Controller Placement}} at the {{Edge}}},
  booktitle = {{{IEEE INFOCOM}} 2018 - {{IEEE Conference}} on {{Computer Communications}}},
  doi = {10.1109/INFOCOM.2018.8485963},
  author = {Qin, Q. and Poularakis, K. and Iosifidis, G. and Tassiulas, L.},
  month = apr,
  year = {2018},
  pages = {684-692}
}

@inproceedings{bai2018case,
  title = {A {{Case}} for {{Web Service Bandwidth Reduction}} on {{Mobile Devices}} with {{Edge}}-{{Hosted Personal Services}}},
  booktitle = {{{IEEE INFOCOM}} 2018 - {{IEEE Conference}} on {{Computer Communications}}},
  doi = {10.1109/INFOCOM.2018.8486270},
  author = {Bai, Y. and Hao, P. and Zhang, Y.},
  month = apr,
  year = {2018},
  pages = {657-665}
}

@inproceedings{cheng2018vitrack,
  title = {{{ViTrack}}: {{Efficient Tracking}} on the {{Edge}} for {{Commodity Video Surveillance Systems}}},
  shorttitle = {{{ViTrack}}},
  booktitle = {{{IEEE INFOCOM}} 2018 - {{IEEE Conference}} on {{Computer Communications}}},
  doi = {10.1109/INFOCOM.2018.8486353},
  author = {Cheng, L. and Wang, J.},
  month = apr,
  year = {2018},
  pages = {1052-1060}
}

@inproceedings{ran2018deepdecision,
  title = {{{DeepDecision}}: {{A Mobile Deep Learning Framework}} for {{Edge Video Analytics}}},
  shorttitle = {{{DeepDecision}}},
  booktitle = {{{IEEE INFOCOM}} 2018 - {{IEEE Conference}} on {{Computer Communications}}},
  doi = {10.1109/INFOCOM.2018.8485905},
  author = {Ran, X. and Chen, H. and Zhu, X. and Liu, Z. and Chen, J.},
  month = apr,
  year = {2018},
  pages = {1421-1429}
}

@inproceedings{li2018deepa,
  title = {A {{Deep Neural Network Compression Algorithm Based}} on {{Knowledge Transfer}} for {{Edge Device}}},
  booktitle = {2018 {{IEEE}}/{{ACM Symposium}} on {{Edge Computing}} ({{SEC}})},
  doi = {10.1109/SEC.2018.00035},
  author = {Li, C. and Ma, X. and An, Z. and Xu, Y.},
  month = oct,
  year = {2018},
  pages = {334-335}
}

@article{bang2019survey,
  title = {A Survey on Knowledge Transfer for Manufacturing Data Analytics},
  volume = {104},
  issn = {0166-3615},
  journal = {Computers in Industry},
  doi = {10.1016/j.compind.2018.07.001},
  author = {Bang, Seung Hwan and Ak, Ronay and Narayanan, Anantha and Lee, Y. Tina and Cho, Hyunbo},
  month = jan,
  year = {2019},
  pages = {116-130}
}

@inproceedings{dong2013joint,
  title = {Joint Optimization of Power, Electricity Cost and Delay in {{IP}} over {{WDM}} Networks},
  booktitle = {Proceedings of {{IEEE International Conference}} on {{Communications}} ({{ICC}} 2013)},
  doi = {10.1109/ICC.2013.6654885},
  author = {Dong, X. and {El-Gorashi}, T. E. H. and Elmirghani, J. M. H.},
  month = jun,
  year = {2013},
  pages = {2370-2375}
}

@article{gonzalez2018dependability,
  title = {Dependability of the {{NFV Orchestrator}}: {{State}} of the {{Art}} and {{Research Challenges}}},
  volume = {20},
  issn = {1553-877X},
  shorttitle = {Dependability of the {{NFV Orchestrator}}},
  number = {4},
  journal = {IEEE Communications Surveys Tutorials},
  doi = {10.1109/COMST.2018.2830648},
  author = {Gonzalez, A. J. and Nencioni, G. and Kamisi{\'n}ski, A. and Helvik, B. E. and Heegaard, P. E.},
  year = {Fourthquarter 2018},
  pages = {3307-3329}
}

@article{toosi2018management,
  archivePrefix = {arXiv},
  eprinttype = {arxiv},
  eprint = {1812.00593},
  primaryClass = {cs},
  title = {Management and {{Orchestration}} of {{Network Slices}} in {{5G}}, {{Fog}}, {{Edge}} and {{Clouds}}},
  journal = {arXiv:1812.00593 [cs]},
  author = {Toosi, Adel Nadjaran and Mahmud, Redowan and Chi, Qinghua and Buyya, Rajkumar},
  month = dec,
  year = {2018}
}

@inproceedings{parada2018multiaccess,
  title = {Multi-{{Access Edge Computing}}: {{A 5G Technology}}},
  shorttitle = {Multi-{{Access Edge Computing}}},
  booktitle = {2018 {{European Conference}} on {{Networks}} and {{Communications}} ({{EuCNC}})},
  doi = {10.1109/EuCNC.2018.8442492},
  author = {Parada, C. and Fontes, F. and Marques, C. and Cunha, V. and Leit{\~a}o, C.},
  month = jun,
  year = {2018},
  pages = {277-9}
}

@inproceedings{santoyo-gonzalez2018edge,
  title = {Edge {{Nodes Infrastructure Placement Parameters}} for {{5G Networks}}},
  booktitle = {Proceedings of {{IEEE Conference}} on {{Standards}} for {{Communications}} and {{Networking}} ({{CSCN}} 2018)},
  doi = {10.1109/CSCN.2018.8581749},
  author = {{Santoyo-Gonz{\'a}lez}, A. and {Cervell{\'o}-Pastor}, C.},
  month = oct,
  year = {2018},
  pages = {1-6}
}

@article{hsieh20185g,
  title = {{{5G Virtualized Multi}}-Access {{Edge Computing Platform}} for {{IoT Applications}}},
  volume = {115},
  issn = {10848045},
  language = {en},
  journal = {Journal of Network and Computer Applications},
  doi = {10.1016/j.jnca.2018.05.001},
  author = {Hsieh, Han-Chuan and Chen, Jiann-Liang and Benslimane, Abderrahim},
  month = aug,
  year = {2018},
  pages = {94-102}
}

@inproceedings{tong2016hierarchical,
  title = {A Hierarchical Edge Cloud Architecture for Mobile Computing},
  booktitle = {{{IEEE INFOCOM}} 2016 - {{The}} 35th {{Annual IEEE International Conference}} on {{Computer Communications}}},
  doi = {10.1109/INFOCOM.2016.7524340},
  author = {Tong, L. and Li, Y. and Gao, W.},
  month = apr,
  year = {2016},
  pages = {1-9}
}

@article{rodrigues2017hybrid,
  title = {Hybrid {{Method}} for {{Minimizing Service Delay}} in {{Edge Cloud Computing Through VM Migration}} and {{Transmission Power Control}}},
  volume = {66},
  issn = {0018-9340},
  number = {5},
  journal = {IEEE Transactions on Computers},
  doi = {10.1109/TC.2016.2620469},
  author = {Rodrigues, T. G. and Suto, K. and Nishiyama, H. and Kato, N.},
  month = may,
  year = {2017},
  pages = {810-819}
}

@article{parvez2018survey,
  title = {A {{Survey}} on {{Low Latency Towards 5G}}: {{RAN}}, {{Core Network}} and {{Caching Solutions}}},
  volume = {20},
  issn = {1553-877X},
  shorttitle = {A {{Survey}} on {{Low Latency Towards 5G}}},
  number = {4},
  journal = {IEEE Communications Surveys Tutorials},
  doi = {10.1109/COMST.2018.2841349},
  author = {Parvez, I. and Rahmati, A. and Guvenc, I. and Sarwat, A. I. and Dai, H.},
  year = {Fourthquarter 2018},
  pages = {3098-3130}
}

@article{jaber2018wireless,
  title = {Wireless {{Backhaul}}: {{Performance Modeling}} and {{Impact}} on {{User Association}} for {{5G}}},
  volume = {17},
  issn = {1536-1276},
  shorttitle = {Wireless {{Backhaul}}},
  number = {5},
  journal = {IEEE Transactions on Wireless Communications},
  doi = {10.1109/TWC.2018.2806456},
  author = {Jaber, M. and {Lopez-Martinez}, F. J. and Imran, M. A. and Sutton, A. and Tukmanov, A. and Tafazolli, R.},
  month = may,
  year = {2018},
  pages = {3095-3110}
}

@inproceedings{mesodiakaki2014energy,
  title = {Energy Impact of Outdoor Small Cell Backhaul in Green Heterogeneous Networks},
  booktitle = {2014 {{IEEE}} 19th {{International Workshop}} on {{Computer Aided Modeling}} and {{Design}} of {{Communication Links}} and {{Networks}} ({{CAMAD}})},
  doi = {10.1109/CAMAD.2014.7033196},
  author = {Mesodiakaki, A. and Adelantado, F. and Antonopoulos, A. and Kartsakli, E. and Alonso, L. and Verikoukis, C.},
  month = dec,
  year = {2014},
  pages = {11-15}
}

@article{sofi2018survey,
  title = {A Survey on Energy Efficient {{5G}} Green Network with a Planned Multi-Tier Architecture},
  volume = {118},
  issn = {1084-8045},
  journal = {Journal of Network and Computer Applications},
  doi = {10.1016/j.jnca.2018.06.002},
  author = {Sofi, Ishfaq Bashir and Gupta, Akhil},
  month = sep,
  year = {2018},
  pages = {1-28}
}

@article{taylor2009transfer,
  title = {Transfer {{Learning}} for {{Reinforcement Learning Domains}}: {{A Survey}}},
  volume = {10},
  issn = {1532-4435},
  shorttitle = {Transfer {{Learning}} for {{Reinforcement Learning Domains}}},
  journal = {J. Mach. Learn. Res.},
  author = {Taylor, Matthew E. and Stone, Peter},
  month = dec,
  year = {2009},
  pages = {1633--1685}
}

@article{lu2015transfer,
  series = {25th Anniversary of {{Knowledge}}-{{Based Systems}}},
  title = {Transfer Learning Using Computational Intelligence: {{A}} Survey},
  volume = {80},
  issn = {0950-7051},
  shorttitle = {Transfer Learning Using Computational Intelligence},
  journal = {Knowledge-Based Systems},
  doi = {10.1016/j.knosys.2015.01.010},
  author = {Lu, Jie and Behbood, Vahid and Hao, Peng and Zuo, Hua and Xue, Shan and Zhang, Guangquan},
  month = may,
  year = {2015},
  pages = {14-23}
}

@inproceedings{tan2018survey,
  series = {Lecture {{Notes}} in {{Computer Science}}},
  title = {A {{Survey}} on {{Deep Transfer Learning}}},
  isbn = {978-3-030-01424-7},
  language = {en},
  booktitle = {Artificial {{Neural Networks}} and {{Machine Learning}} \textendash{} {{ICANN}} 2018},
  publisher = {{Springer International Publishing}},
  author = {Tan, Chuanqi and Sun, Fuchun and Kong, Tao and Zhang, Wenchang and Yang, Chao and Liu, Chunfang},
  editor = {K{\r{u}}rkov{\'a}, V{\v e}ra and Manolopoulos, Yannis and Hammer, Barbara and Iliadis, Lazaros and Maglogiannis, Ilias},
  year = {2018},
  pages = {270-279}
}

@inproceedings{sharma2018are,
  title = {Are {{Existing Knowledge Transfer Techniques Effective}} for {{Deep Learning}} with {{Edge Devices}}?},
  booktitle = {2018 {{IEEE International Conference}} on {{Edge Computing}} ({{EDGE}})},
  doi = {10.1109/EDGE.2018.00013},
  author = {Sharma, R. and Biookaghazadeh, S. and Li, B. and Zhao, M.},
  month = jul,
  year = {2018},
  pages = {42-49}
}

@article{hou2018proactive,
  title = {Proactive Content Caching by Exploiting Transfer Learning for Mobile Edge Computing},
  volume = {31},
  copyright = {Copyright \textcopyright{} 2018 John Wiley \& Sons, Ltd.},
  issn = {1099-1131},
  language = {en},
  number = {11},
  journal = {International Journal of Communication Systems},
  doi = {10.1002/dac.3706},
  author = {Hou, Tingting and Feng, Gang and Qin, Shuang and Jiang, Wei},
  year = {2018},
  pages = {e3706}
}

@article{pan2010survey,
  title = {A {{Survey}} on {{Transfer Learning}}},
  volume = {22},
  issn = {1041-4347},
  number = {10},
  journal = {IEEE Transactions on Knowledge and Data Engineering},
  doi = {10.1109/TKDE.2009.191},
  author = {Pan, S. J. and Yang, Q.},
  month = oct,
  year = {2010},
  pages = {1345-1359}
}

@article{liu2019emergent,
  archivePrefix = {arXiv},
  eprinttype = {arxiv},
  eprint = {1902.07151},
  primaryClass = {cs},
  title = {Emergent {{Coordination Through Competition}}},
  journal = {arXiv:1902.07151 [cs]},
  author = {Liu, Siqi and Lever, Guy and Merel, Josh and Tunyasuvunakool, Saran and Heess, Nicolas and Graepel, Thore},
  month = feb,
  year = {2019}
}

@article{kreinovich2016conference,
  title = {From {{Conference Papers}} to {{Journal Papers}}: {{Challenges}} and {{New Ideas}} [{{Leader}}'s {{Corner}}]},
  volume = {2},
  issn = {2333-942X},
  shorttitle = {From {{Conference Papers}} to {{Journal Papers}}},
  number = {2},
  journal = {IEEE Systems, Man, and Cybernetics Magazine},
  doi = {10.1109/MSMC.2016.2557467},
  author = {Kreinovich, V.},
  month = apr,
  year = {2016},
  pages = {54-55}
}

@article{kishk2017double,
  title = {Double {{Publications}} and {{Extended Conference Papers}} [{{President}}'s {{Message}}]},
  volume = {59},
  issn = {1045-9243},
  number = {4},
  journal = {IEEE Antennas and Propagation Magazine},
  doi = {10.1109/MAP.2017.2707918},
  author = {Kishk, A. A.},
  month = aug,
  year = {2017},
  pages = {6-6}
}

@article{offutt2016editorial,
  title = {Editorial: {{How}} to Extend a Conference Paper to a Journal Paper},
  volume = {26},
  copyright = {Copyright \textcopyright{} 2016 John Wiley \& Sons, Ltd.},
  issn = {1099-1689},
  shorttitle = {Editorial},
  language = {en},
  number = {7},
  journal = {Software Testing, Verification and Reliability},
  doi = {10.1002/stvr.1623},
  author = {Offutt, Jeff},
  year = {2016},
  pages = {496-497}
}

@article{zeng2019costeffective,
  title = {Cost-{{Effective Edge Server Placement}} in {{Wireless Metropolitan Area Networks}}},
  volume = {19},
  copyright = {http://creativecommons.org/licenses/by/3.0/},
  language = {en},
  number = {1},
  journal = {Sensors},
  doi = {10.3390/s19010032},
  author = {Zeng, Feng and Ren, Yongzheng and Deng, Xiaoheng and Li, Wenjia},
  month = jan,
  year = {2019},
  pages = {32}
}

@inproceedings{yang2017survey,
  title = {A {{Survey}} of {{User Preferences Oriented Service Selection}} and {{Deployment}} in {{Multi}}-{{Cloud Environment}}},
  booktitle = {2017 18th {{International Conference}} on {{Parallel}} and {{Distributed Computing}}, {{Applications}} and {{Technologies}} ({{PDCAT}})},
  doi = {10.1109/PDCAT.2017.00065},
  author = {Yang, L. and Liu, L. and Fan, Q.},
  month = dec,
  year = {2017},
  pages = {354-359}
}

@inproceedings{ha2017webbaseda,
  title = {A Web-Based Service Deployment Method to Edge Devices in Smart Factory Exploiting {{Docker}}},
  booktitle = {2017 {{International Conference}} on {{Information}} and {{Communication Technology Convergence}} ({{ICTC}})},
  doi = {10.1109/ICTC.2017.8190760},
  author = {Ha, J. and Kim, J. and Park, H. and Lee, J. and Jo, H. and Kim, H. and Jang, J.},
  month = oct,
  year = {2017},
  pages = {708-710}
}

@inproceedings{hu2018enabling,
  title = {Enabling {{Efficient Network Service Function Chain Deployment}} on {{Heterogeneous Server Platform}}},
  booktitle = {2018 {{IEEE International Symposium}} on {{High Performance Computer Architecture}} ({{HPCA}})},
  doi = {10.1109/HPCA.2018.00013},
  author = {Hu, Y. and Li, T.},
  month = feb,
  year = {2018},
  pages = {27-39}
}

@article{liu2017dynamic,
  title = {On {{Dynamic Service Function Chain Deployment}} and {{Readjustment}}},
  volume = {14},
  issn = {1932-4537},
  number = {3},
  journal = {IEEE Transactions on Network and Service Management},
  doi = {10.1109/TNSM.2017.2711610},
  author = {Liu, J. and Lu, W. and Zhou, F. and Lu, P. and Zhu, Z.},
  month = sep,
  year = {2017},
  pages = {543-553}
}

@article{liu2018constraint,
  archivePrefix = {arXiv},
  eprinttype = {arxiv},
  eprint = {1812.05534},
  primaryClass = {cs},
  title = {Constraint Programming for Flexible {{Service Function Chaining}} Deployment},
  journal = {arXiv:1812.05534 [cs]},
  author = {Liu, Tong and Callegati, Franco and Cerroni, Walter and Contoli, Chiara and Gabbrielli, Maurizio and Giallorenzo, Saverio},
  month = dec,
  year = {2018}
}

@article{li2019qos,
  title = {{{QoS Driven Task Offloading}} with {{Statistical Guarantee}} in {{Mobile Edge Computing}}},
  language = {en},
  author = {Li, Qing and Wang, Shangguang and Yang, Fangchun},
  year = {2019},
  pages = {12}
}

@inproceedings{understanding,
  title = {Understanding and {{Modeling}} of {{WiFi Signal Based Human Activity Recognition}}}
}

@inproceedings{xiao2018heuristic,
  title = {A {{Heuristic Algorithm Based}} on {{Resource Requirements Forecasting}} for {{Server Placement}} in {{Edge Computing}}},
  booktitle = {2018 {{IEEE}}/{{ACM Symposium}} on {{Edge Computing}} ({{SEC}})},
  doi = {10.1109/SEC.2018.00043},
  author = {Xiao, K. and Gao, Z. and Wang, Q. and Yang, Y.},
  month = oct,
  year = {2018},
  pages = {354-355}
}

@article{wang2018edge,
  title = {Edge Server Placement in Mobile Edge Computing},
  volume = {127},
  issn = {0743-7315},
  journal = {Journal of Parallel and Distributed Computing},
  doi = {10.1016/j.jpdc.2018.06.008},
  author = {Wang, Shangguang and Zhao, Yali and Xu, Jinlinag and Yuan, Jie and Hsu, Ching-Hsien},
  month = jun,
  year = {2018},
  pages = {160-168}
}

@article{zhao2018optimala,
  title = {Optimal {{Placement}} of {{Cloudlets}} for {{Access Delay Minimization}} in {{SDN}}-{{Based Internet}} of {{Things Networks}}},
  volume = {5},
  issn = {2327-4662},
  number = {2},
  journal = {IEEE Internet of Things Journal},
  doi = {10.1109/JIOT.2018.2811808},
  author = {Zhao, L. and Sun, W. and Shi, Y. and Liu, J.},
  month = apr,
  year = {2018},
  pages = {1334-1344}
}

@article{zhang2018enhanced,
  title = {Enhanced {{Adaptive Cloudlet Placement Approach}} for {{Mobile Application}} on {{Spark}}},
  language = {en},
  journal = {Security and Communication Networks},
  doi = {10.1155/2018/1937670},
  author = {Zhang, Yiwen and Wang, Kaibin and Zhou, Yuanyuan and He, Qiang},
  year = {2018}
}

@inproceedings{mondal2018ccompassion,
  title = {{{CCOMPASSION}}: {{A Hybrid Cloudlet Placement Framework Over Passive Optical Access Networks}}},
  shorttitle = {{{CCOMPASSION}}},
  booktitle = {{{IEEE INFOCOM}} 2018 - {{IEEE Conference}} on {{Computer Communications}}},
  doi = {10.1109/INFOCOM.2018.8485846},
  author = {Mondal, S. and Das, G. and Wong, E.},
  month = apr,
  year = {2018},
  pages = {216-224}
}

@article{chen2018quick,
  title = {{{QUICK}}: {{QoS}}-Guaranteed Efficient Cloudlet Placement in Wireless Metropolitan Area Networks},
  volume = {74},
  issn = {1573-0484},
  shorttitle = {{{QUICK}}},
  language = {en},
  number = {8},
  journal = {The Journal of Supercomputing},
  doi = {10.1007/s11227-018-2412-8},
  author = {Chen, Long and Wu, Jigang and Zhou, Gangqiang and Ma, Longjie},
  month = aug,
  year = {2018},
  pages = {4037-4059}
}

@article{jia2017optimal,
  title = {Optimal {{Cloudlet Placement}} and {{User}} to {{Cloudlet Allocation}} in {{Wireless Metropolitan Area Networks}}},
  volume = {5},
  issn = {2168-7161},
  number = {4},
  journal = {IEEE Transactions on Cloud Computing},
  doi = {10.1109/TCC.2015.2449834},
  author = {Jia, M. and Cao, J. and Liang, W.},
  month = oct,
  year = {2017},
  pages = {725-737}
}

@inproceedings{meng2017cloudlet,
  title = {Cloudlet {{Placement}} and {{Minimum}}-{{Delay Routing}} in {{Cloudlet Computing}}},
  booktitle = {Proceedings of  the 3rd {{International Conference}} on {{Big Data Computing}} and {{Communications}} ({{BIGCOM}} 2017)},
  doi = {10.1109/BIGCOM.2017.58},
  author = {Meng, J. and Shi, W. and Tan, H. and Li, X.},
  month = aug,
  year = {2017},
  pages = {297-304}
}

@article{xu2016efficient,
  title = {Efficient {{Algorithms}} for {{Capacitated Cloudlet Placements}}},
  volume = {27},
  issn = {1045-9219},
  number = {10},
  journal = {IEEE Transactions on Parallel and Distributed Systems},
  doi = {10.1109/TPDS.2015.2510638},
  author = {Xu, Z. and Liang, W. and Xu, W. and Jia, M. and Guo, S.},
  month = oct,
  year = {2016},
  pages = {2866-2880}
}

@inproceedings{xiang2016adaptive,
  title = {An {{Adaptive Cloudlet Placement Method}} for {{Mobile Applications}} over {{GPS Big Data}}},
  booktitle = {2016 {{IEEE Global Communications Conference}} ({{GLOBECOM}})},
  doi = {10.1109/GLOCOM.2016.7841576},
  author = {Xiang, H. and Xu, X. and Zheng, H. and Li, S. and Wu, T. and Dou, W. and Yu, S.},
  month = dec,
  year = {2016},
  pages = {1-6}
}

@inproceedings{xu2015capacitated,
  title = {Capacitated Cloudlet Placements in {{Wireless Metropolitan Area Networks}}},
  booktitle = {2015 {{IEEE}} 40th {{Conference}} on {{Local Computer Networks}} ({{LCN}})},
  doi = {10.1109/LCN.2015.7366372},
  author = {Xu, Z. and Liang, W. and Xu, W. and Jia, M. and Guo, S.},
  month = oct,
  year = {2015},
  pages = {570-578}
}

@inproceedings{chen2017computation,
  title = {Computation {{Peer Offloading}} in {{Mobile Edge Computing}} with {{Energy Budgets}}},
  booktitle = {Proceedings of {{IEEE Global Communications Conference}} ({{GLOBECOM}} 2017)},
  doi = {10.1109/GLOCOM.2017.8255052},
  author = {Chen, L. and Xu, J. and Zhou, S.},
  month = dec,
  year = {2017},
  pages = {1-6}
}

@article{al-shuwaili2017energyefficient,
  title = {Energy-{{Efficient Resource Allocation}} for {{Mobile Edge Computing}}-{{Based Augmented Reality Applications}}},
  volume = {6},
  issn = {2162-2337},
  number = {3},
  journal = {IEEE Wireless Communications Letters},
  doi = {10.1109/LWC.2017.2696539},
  author = {{Al-Shuwaili}, A. and Simeone, O.},
  month = jun,
  year = {2017},
  pages = {398-401}
}

@article{liu2018fast,
  title = {Fast {{Identification}} of {{Blocked RFID Tags}}},
  volume = {17},
  issn = {1536-1233},
  number = {9},
  journal = {IEEE Transactions on Mobile Computing},
  doi = {10.1109/TMC.2018.2793219},
  author = {Liu, X. and Xie, X. and Zhao, X. and Wang, K. and Li, K. and Liu, A. X. and Guo, S. and Wu, J.},
  month = sep,
  year = {2018},
  pages = {2041-2054}
}

@inproceedings{wang2018servicea,
  title = {Service {{Entity Placement}} for {{Social Virtual Reality Applications}} in {{Edge Computing}}},
  booktitle = {{{IEEE INFOCOM}} 2018 - {{IEEE Conference}} on {{Computer Communications}}},
  doi = {10.1109/INFOCOM.2018.8486411},
  author = {Wang, L. and Jiao, L. and He, T. and Li, J. and M{\"u}hlh{\"a}user, M.},
  month = apr,
  year = {2018},
  pages = {468-476}
}

@article{perello2016joint,
  title = {Joint Content Placement and Lightpath Routing and Spectrum Assignment in {{CDNs}} over Elastic Optical Network Scenarios},
  volume = {77},
  issn = {0140-3664},
  journal = {Computer Communications},
  doi = {10.1016/j.comcom.2015.12.002},
  author = {Perell{\'o}, Jordi and Walkowiak, Krzysztof and Klinkowski, Miros{\l}aw and Spadaro, Salvatore and Careglio, Davide},
  month = mar,
  year = {2016},
  pages = {72-84}
}

@article{garmehi2014economic,
  title = {An Economic Replica Placement Mechanism for Streaming Content Distribution in {{Hybrid CDN}}-{{P2P}} Networks},
  volume = {52},
  issn = {0140-3664},
  journal = {Computer Communications},
  doi = {10.1016/j.comcom.2014.06.007},
  author = {Garmehi, Mehran and Analoui, Morteza and Pathan, Mukaddim and Buyya, Rajkumar},
  month = oct,
  year = {2014},
  pages = {60-70}
}

@inproceedings{hasan2014tradeoffs,
  title = {Trade-Offs in Optimizing the Cache Deployments of {{CDNs}}},
  booktitle = {{{IEEE INFOCOM}} 2014 - {{IEEE Conference}} on {{Computer Communications}}},
  doi = {10.1109/INFOCOM.2014.6847969},
  author = {Hasan, S. and Gorinsky, S. and Dovrolis, C. and Sitaraman, R. K.},
  month = apr,
  year = {2014},
  pages = {460-468}
}

@inproceedings{yala2017balancing,
  title = {Balancing between {{Cost}} and {{Availability}} for {{CDNaaS Resource Placement}}},
  booktitle = {{{GLOBECOM}} 2017 - 2017 {{IEEE Global Communications Conference}}},
  doi = {10.1109/GLOCOM.2017.8254051},
  author = {Yala, L. and Frangoudis, P. A. and Lucarelli, G. and Ksentini, A.},
  month = dec,
  year = {2017},
  pages = {1-7}
}

@article{liu2018congestion,
  title = {Congestion {{Avoidance}} and {{Load Balancing}} in {{Content Placement}} and {{Request Redirection}} for {{Mobile CDN}}},
  volume = {26},
  issn = {1063-6692},
  number = {2},
  journal = {IEEE/ACM Transactions on Networking},
  doi = {10.1109/TNET.2018.2804979},
  author = {Liu, J. and Yang, Q. and Simon, G.},
  month = apr,
  year = {2018},
  pages = {851-863}
}

@article{wang2018networkaware,
  title = {Towards {{Network}}-{{Aware Service Composition}} in the {{Cloud}}},
  issn = {2168-7161},
  journal = {IEEE Transactions on Cloud Computing},
  doi = {10.1109/TCC.2016.2603504},
  author = {Wang, S. and Zhou, A. and Yang, F. and Chang, R. N.},
  year = {2018},
  pages = {1-1}
}

@article{wang2017service,
  title = {On {{Service Migrations}} in the {{Cloud}} for {{Mobile Accesses}}: {{A Distributed Approach}}},
  volume = {12},
  issn = {1556-4665},
  shorttitle = {On {{Service Migrations}} in the {{Cloud}} for {{Mobile Accesses}}},
  number = {2},
  journal = {ACM Trans. Auton. Adapt. Syst.},
  doi = {10.1145/3050438},
  author = {Wang, Yang and Veeravalli, Bharadwaj and Tham, Chen-Khong and He, Shuibing and Xu, Chengzhong},
  month = may,
  year = {2017},
  pages = {6:1--6:25}
}

@inproceedings{zhao2018time,
  title = {Time {{Constrained Service}}-{{Aware Migration}} of {{Virtualized Services}} for {{Mobile Edge Computing}}},
  volume = {01},
  booktitle = {2018 30th {{International Teletraffic Congress}} ({{ITC}} 30)},
  doi = {10.1109/ITC30.2018.00017},
  author = {Zhao, P. and D{\'a}n, G.},
  month = sep,
  year = {2018},
  pages = {64-72}
}

@inproceedings{addad2018fast,
  title = {Towards a {{Fast Service Migration}} in {{5G}}},
  booktitle = {2018 {{IEEE Conference}} on {{Standards}} for {{Communications}} and {{Networking}} ({{CSCN}})},
  doi = {10.1109/CSCN.2018.8581836},
  author = {Addad, R. A. and Dutra, D. L. Cadette and Bagaa, M. and Taleb, T. and Flinck, H.},
  month = oct,
  year = {2018},
  pages = {1-6}
}

@inproceedings{frangoudis2018service,
  title = {Service Migration versus Service Replication in {{Multi}}-Access {{Edge Computing}}},
  booktitle = {2018 14th {{International Wireless Communications Mobile Computing Conference}} ({{IWCMC}})},
  doi = {10.1109/IWCMC.2018.8450284},
  author = {Frangoudis, P. A. and Ksentini, A.},
  month = jun,
  year = {2018},
  pages = {124-129}
}

@article{qi2016integrated,
  title = {Integrated {{Multi}}-Service {{Handoff Mechanism}} with {{QoS}}-{{Support Strategy}} in {{Mobile Cloud Computing}}},
  volume = {87},
  issn = {1572-834X},
  language = {en},
  number = {2},
  journal = {Wireless Personal Communications},
  doi = {10.1007/s11277-016-3210-3},
  author = {Qi, Qi and Liao, Jianxin and Wang, Jingyu and Wang, Jing and Li, Qi and Cao, Yufei},
  month = mar,
  year = {2016},
  pages = {593-614}
}

@inproceedings{assasa2015service,
  title = {Service {{Mobility}} in {{Mobile Networks}}},
  booktitle = {2015 {{IEEE}} 8th {{International Conference}} on {{Cloud Computing}}},
  doi = {10.1109/CLOUD.2015.60},
  author = {Assasa, H. and Yadhav, S. V. and Westberg, L.},
  month = jun,
  year = {2015},
  pages = {397-404}
}

@inproceedings{ha2015adaptive,
  title = {Adaptive {{VM Handoff Across Cloudlets}}},
  author = {Ha, Kiryong and Abe, Yoshihisa and Chen, Zhuo and Hu, Wenlu and Amos, Brandon and Pillai, Padmanabhan and Satyanarayanan, Mahadev},
  year = {2015}
}

@inproceedings{saif2018software,
  title = {Software {{Defined Networking}} in {{Next Generation Mobile Backhauls}}: {{A Survey}}},
  shorttitle = {Software {{Defined Networking}} in {{Next Generation Mobile Backhauls}}},
  booktitle = {2018 {{IEEE 5G World Forum}} ({{5GWF}})},
  doi = {10.1109/5GWF.2018.8517068},
  author = {Saif, D. and Arsiwala, F. and Khanna, I.},
  month = jul,
  year = {2018},
  pages = {106-111}
}

@article{jaber20165g,
  title = {{{5G Backhaul Challenges}} and {{Emerging Research Directions}}: {{A Survey}}},
  volume = {4},
  issn = {2169-3536},
  shorttitle = {{{5G Backhaul Challenges}} and {{Emerging Research Directions}}},
  journal = {IEEE Access},
  doi = {10.1109/ACCESS.2016.2556011},
  author = {Jaber, M. and Imran, M. A. and Tafazolli, R. and Tukmanov, A.},
  year = {2016},
  pages = {1743-1766}
}

@article{garcia-saavedra2018joint,
  title = {Joint {{Optimization}} of {{Edge Computing Architectures}} and {{Radio Access Networks}}},
  volume = {36},
  issn = {0733-8716},
  number = {11},
  journal = {IEEE Journal on Selected Areas in Communications},
  doi = {10.1109/JSAC.2018.2874142},
  author = {{Garcia-Saavedra}, A. and Iosifidis, G. and {Costa-Perez}, X. and Leith, D. J.},
  month = nov,
  year = {2018},
  pages = {2433-2443}
}

@inproceedings{zaw2019cost,
  title = {Cost and {{Latency Tradeoff}} in {{Mobile Edge Computing}}: {{A Distributed Game Approach}}},
  shorttitle = {Cost and {{Latency Tradeoff}} in {{Mobile Edge Computing}}},
  booktitle = {2019 {{IEEE International Conference}} on {{Big Data}} and {{Smart Computing}} ({{BigComp}})},
  doi = {10.1109/BIGCOMP.2019.8679304},
  author = {Zaw, C. W. and Ei, N. N. and Im, H. Y. Reum and Tun, Y. K. and Hong, C. S.},
  month = feb,
  year = {2019},
  pages = {1-7}
}

@article{zhang2019task,
  title = {Task Migration for Mobile Edge Computing Using Deep Reinforcement Learning},
  volume = {96},
  issn = {0167-739X},
  journal = {Future Generation Computer Systems},
  doi = {10.1016/j.future.2019.01.059},
  author = {Zhang, Cheng and Zheng, Zixuan},
  month = jul,
  year = {2019},
  pages = {111-118}
}

@article{chen2019dynamic,
  title = {A {{Dynamic Service Migration Mechanism}} in {{Edge Cognitive Computing}}},
  volume = {19},
  issn = {1533-5399},
  number = {2},
  journal = {ACM Trans. Internet Technol.},
  doi = {10.1145/3239565},
  author = {Chen, Min and Li, Wei and Fortino, Giancarlo and Hao, Yixue and Hu, Long and Humar, Iztok},
  month = apr,
  year = {2019},
  pages = {30:1--30:15}
}

@article{zhang2019reducing,
  title = {Reducing the Network Overhead of User Mobility\textendash{}Induced Virtual Machine Migration in Mobile Edge Computing},
  volume = {49},
  copyright = {\textcopyright{} 2018 John Wiley \& Sons, Ltd.},
  issn = {1097-024X},
  language = {en},
  number = {4},
  journal = {Software: Practice and Experience},
  doi = {10.1002/spe.2642},
  author = {Zhang, Fei and Liu, Guangming and Zhao, Bo and Fu, Xiaoming and Yahyapour, Ramin},
  year = {2019},
  pages = {673-693}
}

@inproceedings{brandherm2019learningbased,
  address = {{New York, NY, USA}},
  series = {{{EdgeSys}} '19},
  title = {A {{Learning}}-Based {{Framework}} for {{Optimizing Service Migration}} in {{Mobile Edge Clouds}}},
  isbn = {978-1-4503-6275-7},
  booktitle = {Proceedings of the {{2Nd International Workshop}} on {{Edge Systems}}, {{Analytics}} and {{Networking}}},
  publisher = {{ACM}},
  doi = {10.1145/3301418.3313939},
  author = {Brandherm, Florian and Wang, Lin and M{\"u}hlh{\"a}user, Max},
  year = {2019},
  pages = {12--17}
}

@inproceedings{karhula2019checkpointing,
  address = {{New York, NY, USA}},
  series = {{{EdgeSys}} '19},
  title = {Checkpointing and {{Migration}} of {{IoT Edge Functions}}},
  isbn = {978-1-4503-6275-7},
  booktitle = {Proceedings of the {{2Nd International Workshop}} on {{Edge Systems}}, {{Analytics}} and {{Networking}}},
  publisher = {{ACM}},
  doi = {10.1145/3301418.3313947},
  author = {Karhula, Pekka and Janak, Jan and Schulzrinne, Henning},
  year = {2019},
  pages = {60--65}
}

@inproceedings{shahhosseini2019dynamic,
  address = {{New York, NY, USA}},
  series = {{{GLSVLSI}} '19},
  title = {Dynamic {{Computation Migration}} at the {{Edge}}: {{Is There}} an {{Optimal Choice}}?},
  isbn = {978-1-4503-6252-8},
  shorttitle = {Dynamic {{Computation Migration}} at the {{Edge}}},
  booktitle = {Proceedings of the 2019 on {{Great Lakes Symposium}} on {{VLSI}}},
  publisher = {{ACM}},
  doi = {10.1145/3299874.3319336},
  author = {Shahhosseini, Sina and Azimi, Iman and Anzanpour, Arman and Jantsch, Axel and Liljeberg, Pasi and Dutt, Nikil and Rahmani, Amir M.},
  year = {2019},
  pages = {519--524}
}

@inproceedings{gao2019deep,
  title = {Deep {{Reinforcement Learning Based Service Migration Strategy}} for {{Edge Computing}}},
  booktitle = {2019 {{IEEE International Conference}} on {{Service}}-{{Oriented System Engineering}} ({{SOSE}})},
  doi = {10.1109/SOSE.2019.00025},
  author = {Gao, Z. and Jiao, Q. and Xiao, K. and Wang, Q. and Mo, Z. and Yang, Y.},
  month = apr,
  year = {2019},
  pages = {116-1165}
}

@inproceedings{maheshwari2018trafficaware,
  title = {Traffic-{{Aware Dynamic Container Migration}} for {{Real}}-{{Time Support}} in {{Mobile Edge Clouds}}},
  booktitle = {2018 {{IEEE International Conference}} on {{Advanced Networks}} and {{Telecommunications Systems}} ({{ANTS}})},
  doi = {10.1109/ANTS.2018.8710163},
  author = {Maheshwari, S. and Choudhury, S. and Seskar, I. and Raychaudhuri, D.},
  month = dec,
  year = {2018},
  pages = {1-6}
}

@inproceedings{govindaraj2018container,
  title = {Container {{Live Migration}} for {{Latency Critical Industrial Applications}} on {{Edge Computing}}},
  volume = {1},
  booktitle = {2018 {{IEEE}} 23rd {{International Conference}} on {{Emerging Technologies}} and {{Factory Automation}} ({{ETFA}})},
  doi = {10.1109/ETFA.2018.8502659},
  author = {Govindaraj, K. and Artemenko, A.},
  month = sep,
  year = {2018},
  pages = {83-90}
}

@inproceedings{kikuchi2018vm,
  address = {{New York, NY, USA}},
  series = {{{IMCOM}} '18},
  title = {{{VM Migration}} in {{Mobile Edge Computing}} for {{QoS Improvement}} with {{Wireless Multi}}-{{Hop Access Networks}}},
  isbn = {978-1-4503-6385-3},
  booktitle = {Proceedings of the 12th {{International Conference}} on {{Ubiquitous Information Management}} and {{Communication}}},
  publisher = {{ACM}},
  doi = {10.1145/3164541.3164552},
  author = {Kikuchi, Jun and Wu, Celimuge and Ji, Yusheng and Murase, Tutomu},
  year = {2018},
  pages = {47:1--47:8}
}

@inproceedings{vita2018deep,
  title = {A {{Deep Reinforcement Learning Approach For Data Migration}} in {{Multi}}-{{Access Edge Computing}}},
  booktitle = {2018 {{ITU Kaleidoscope}}: {{Machine Learning}} for a {{5G Future}} ({{ITU K}})},
  doi = {10.23919/ITU-WT.2018.8597889},
  author = {Vita, F. D. and Bruneo, D. and Puliafito, A. and Nardini, G. and Virdis, A. and Stea, G.},
  month = nov,
  year = {2018},
  pages = {1-8}
}

@inproceedings{bruschi2018personal,
  title = {Personal {{Services Placement}} and {{Low}}-{{Latency Migration}} in {{Edge Computing Environments}}},
  booktitle = {2018 {{IEEE Conference}} on {{Network Function Virtualization}} and {{Software Defined Networks}} ({{NFV}}-{{SDN}})},
  doi = {10.1109/NFV-SDN.2018.8725635},
  author = {Bruschi, R. and Davoli, F. and Lago, P. and Lombardo, C. and Pajo, J. F.},
  month = nov,
  year = {2018},
  pages = {1-6}
}

@inproceedings{puliafito2018companion,
  title = {Companion {{Fog Computing}}: {{Supporting Things Mobility Through Container Migration}} at the {{Edge}}},
  shorttitle = {Companion {{Fog Computing}}},
  booktitle = {2018 {{IEEE International Conference}} on {{Smart Computing}} ({{SMARTCOMP}})},
  doi = {10.1109/SMARTCOMP.2018.00079},
  author = {Puliafito, C. and Mingozzi, E. and Vallati, C. and Longo, F. and Merlino, G.},
  month = jun,
  year = {2018},
  pages = {97-105}
}

@inproceedings{puliafito2018virtualization,
  title = {Virtualization and {{Migration}} at the {{Network Edge}}: {{An Overview}}},
  shorttitle = {Virtualization and {{Migration}} at the {{Network Edge}}},
  booktitle = {2018 {{IEEE International Conference}} on {{Smart Computing}} ({{SMARTCOMP}})},
  doi = {10.1109/SMARTCOMP.2018.00031},
  author = {Puliafito, C. and Mingozzi, E. and Vallati, C. and Longo, F. and Merlino, G.},
  month = jun,
  year = {2018},
  pages = {368-374}
}

@inproceedings{horii2018stateful,
  title = {Stateful Process Migration for Edge Computing Applications},
  booktitle = {2018 {{IEEE Wireless Communications}} and {{Networking Conference}} ({{WCNC}})},
  doi = {10.1109/WCNC.2018.8377072},
  author = {Horii, M. and Kojima, Y. and Fukuda, K.},
  month = apr,
  year = {2018},
  pages = {1-6}
}

@article{chen2018computation,
  title = {Computation {{Peer Offloading}} for {{Energy}}-{{Constrained Mobile Edge Computing}} in {{Small}}-{{Cell Networks}}},
  volume = {26},
  issn = {1063-6692},
  number = {4},
  journal = {IEEE/ACM Transactions on Networking},
  doi = {10.1109/TNET.2018.2841758},
  author = {Chen, L. and Zhou, S. and Xu, J.},
  month = aug,
  year = {2018},
  pages = {1619-1632}
}

@article{duan2016softwaredefined,
  title = {Software-Defined Network Virtualization: An Architectural Framework for Integrating {{SDN}} and {{NFV}} for Service Provisioning in Future Networks},
  volume = {30},
  issn = {0890-8044},
  shorttitle = {Software-Defined Network Virtualization},
  number = {5},
  journal = {IEEE Network},
  doi = {10.1109/MNET.2016.7579021},
  author = {Duan, Q. and Ansari, N. and Toy, M.},
  month = sep,
  year = {2016},
  pages = {10-16}
}

@article{liu2014costaware,
  title = {Cost-{{Aware Cloud Service Request Scheduling}} for {{SaaS Providers}}},
  volume = {57},
  journal = {Comput. J.},
  doi = {10.1093/comjnl/bxt009},
  author = {Liu, Zhipiao and Wang, Shangguang and Sun, Qibo and Zou, Hua and Yang, Fangchun},
  year = {2014},
  pages = {291-301}
}

@article{emmerich2018tutorial,
  title = {A Tutorial on Multiobjective Optimization: Fundamentals and Evolutionary Methods},
  volume = {17},
  issn = {1572-9796},
  shorttitle = {A Tutorial on Multiobjective Optimization},
  language = {en},
  number = {3},
  journal = {Natural Computing},
  doi = {10.1007/s11047-018-9685-y},
  author = {Emmerich, Michael T. M. and Deutz, Andr{\'e} H.},
  month = sep,
  year = {2018},
  pages = {585-609}
}

@inproceedings{ngatchou2005pareto,
  title = {Pareto {{Multi Objective Optimization}}},
  booktitle = {Proceedings of the 13th {{International Conference}} on, {{Intelligent Systems Application}} to {{Power Systems}}},
  doi = {10.1109/ISAP.2005.1599245},
  author = {Ngatchou, P. and Zarei, A. and {El-Sharkawi}, A.},
  month = nov,
  year = {2005},
  pages = {84-91}
}

@article{gunantara2018review,
  title = {A Review of Multi-Objective Optimization: {{Methods}} and Its Applications},
  volume = {5},
  issn = {null},
  shorttitle = {A Review of Multi-Objective Optimization},
  number = {1},
  journal = {Cogent Engineering},
  doi = {10.1080/23311916.2018.1502242},
  author = {Gunantara, Nyoman},
  editor = {Ai, Qingsong},
  month = jan,
  year = {2018},
  pages = {1502242}
}

@inproceedings{duan2018modeling,
  title = {Modeling and {{Performance Analysis}} for {{Service Function Chaining}} in the {{SDN}}/{{NFV Architecture}}},
  booktitle = {2018 4th {{IEEE Conference}} on {{Network Softwarization}} and {{Workshops}} ({{NetSoft}})},
  doi = {10.1109/NETSOFT.2018.8460068},
  author = {Duan, Q.},
  month = jun,
  year = {2018},
  pages = {476-481}
}

@inproceedings{auyoung2006service,
  title = {Service Contracts and Aggregate Utility Functions},
  booktitle = {Proceedings of {{IEEE International Conference}} on {{High Performance Distributed Computing}} ({{HPDC}} 2006)},
  doi = {10.1109/HPDC.2006.1652143},
  author = {AuYoung, A. and Grit, L. and Wiener, J. and Wilkes, J.},
  month = jun,
  year = {2006},
  pages = {119-131}
}

@article{satyanarayanan2009case,
  title = {The {{Case}} for {{VM}}-{{Based Cloudlets}} in {{Mobile Computing}}},
  volume = {8},
  issn = {1536-1268},
  number = {4},
  journal = {IEEE Pervasive Computing},
  doi = {10.1109/MPRV.2009.82},
  author = {Satyanarayanan, M. and Bahl, P. and Caceres, R. and Davies, N.},
  month = oct,
  year = {2009},
  pages = {14-23}
}

@article{muller2014comprehensive,
  title = {Comprehensive {{Explanation}} of {{SLA Violations}} at {{Runtime}}},
  volume = {7},
  issn = {1939-1374},
  number = {2},
  journal = {IEEE Transactions on Services Computing},
  doi = {10.1109/TSC.2013.45},
  author = {M{\"u}ller, C. and Oriol, M. and Franch, X. and Marco, J. and Resinas, M. and {Ruiz-Cort{\'e}s}, A. and Rodr{\'i}guez, M.},
  month = apr,
  year = {2014},
  pages = {168-183}
}

@article{palacios2015coveragebased,
  title = {Coverage-{{Based Testing}} for {{Service Level Agreements}}},
  volume = {8},
  issn = {1939-1374},
  number = {2},
  journal = {IEEE Transactions on Services Computing},
  doi = {10.1109/TSC.2014.2300486},
  author = {Palacios, M. and {Garc{\'i}a-Fanjul}, J. and Tuya, J. and Spanoudakis, G.},
  month = mar,
  year = {2015},
  pages = {299-313}
}

@article{bhamare2016surveya,
  title = {A Survey on Service Function Chaining},
  volume = {75},
  issn = {1084-8045},
  journal = {Journal of Network and Computer Applications},
  doi = {10.1016/j.jnca.2016.09.001},
  author = {Bhamare, Deval and Jain, Raj and Samaka, Mohammed and Erbad, Aiman},
  month = nov,
  year = {2016},
  pages = {138-155}
}

@article{zhao2018optimalb,
  title = {Optimal {{Placement}} of {{Cloudlets}} for {{Access Delay Minimization}} in {{SDN}}-{{Based Internet}} of {{Things Networks}}},
  volume = {5},
  issn = {2327-4662},
  number = {2},
  journal = {IEEE Internet of Things Journal},
  doi = {10.1109/JIOT.2018.2811808},
  author = {Zhao, L. and Sun, W. and Shi, Y. and Liu, J.},
  month = apr,
  year = {2018},
  pages = {1334-1344}
}

@article{mondal2019costoptimal,
  title = {Cost-Optimal Cloudlet Placement Frameworks over Fiber-Wireless Access Networks for Low-Latency Applications},
  volume = {138},
  issn = {1084-8045},
  journal = {Journal of Network and Computer Applications},
  doi = {10.1016/j.jnca.2019.04.014},
  author = {Mondal, Sourav and Das, Goutam and Wong, Elaine},
  month = jul,
  year = {2019},
  pages = {27-38}
}

@article{yang2019cloudlet,
  title = {Cloudlet {{Placement}} and {{Task Allocation}} in {{Mobile Edge Computing}}},
  volume = {6},
  issn = {2327-4662},
  number = {3},
  journal = {IEEE Internet of Things Journal},
  doi = {10.1109/JIOT.2019.2907605},
  author = {Yang, S. and Li, F. and Shen, M. and Chen, X. and Fu, X. and Wang, Y.},
  month = jun,
  year = {2019},
  pages = {5853-5863}
}

@inproceedings{poularakis2019joint,
  title = {Joint {{Service Placement}} and {{Request Routing}} in {{Multi}}-Cell {{Mobile Edge Computing Networks}}},
  booktitle = {{{IEEE INFOCOM}} 2019 - {{IEEE Conference}} on {{Computer Communications}}},
  doi = {10.1109/INFOCOM.2019.8737385},
  author = {Poularakis, K. and Llorca, J. and Tulino, A. M. and Taylor, I. and Tassiulas, L.},
  month = apr,
  year = {2019},
  pages = {10-18}
}

@inproceedings{liang2019optimal,
  title = {Optimal {{Network Control}} in {{Partially}}-{{Controllable Networks}}},
  booktitle = {{{IEEE INFOCOM}} 2019 - {{IEEE Conference}} on {{Computer Communications}}},
  doi = {10.1109/INFOCOM.2019.8737528},
  author = {Liang, Q. and Modiano, E.},
  month = apr,
  year = {2019},
  pages = {397-405}
}

@inproceedings{yu2019load,
  title = {Load {{Balancing}} for {{Interdependent IoT Microservices}}},
  booktitle = {{{IEEE INFOCOM}} 2019 - {{IEEE Conference}} on {{Computer Communications}}},
  doi = {10.1109/INFOCOM.2019.8737450},
  author = {Yu, R. and Kilari, V. T. and Xue, G. and Yang, D.},
  month = apr,
  year = {2019},
  pages = {298-306}
}

@inproceedings{zheng2019octansa,
  title = {Octans: {{Optimal Placement}} of {{Service Function Chains}} in {{Many}}-{{Core Systems}}},
  shorttitle = {Octans},
  booktitle = {{{IEEE INFOCOM}} 2019 - {{IEEE Conference}} on {{Computer Communications}}},
  doi = {10.1109/INFOCOM.2019.8737544},
  author = {Zheng, Z. and Bi, J. and Yu, H. and Wang, H. and Sun, C. and Hu, H. and Wu, J.},
  month = apr,
  year = {2019},
  pages = {307-315}
}

@inproceedings{cohen2019accessa,
  title = {Access {{Strategies}} for {{Network Caching}}},
  booktitle = {{{IEEE INFOCOM}} 2019 - {{IEEE Conference}} on {{Computer Communications}}},
  doi = {10.1109/INFOCOM.2019.8737427},
  author = {Cohen, I. and Einziger, G. and Friedman, R. and Scalosub, G.},
  month = apr,
  year = {2019},
  pages = {28-36}
}

@inproceedings{wu2019charginga,
  title = {Charging {{Oriented Sensor Placement}} and {{Flexible Scheduling}} in {{Rechargeable WSNs}}},
  booktitle = {{{IEEE INFOCOM}} 2019 - {{IEEE Conference}} on {{Computer Communications}}},
  doi = {10.1109/INFOCOM.2019.8737502},
  author = {Wu, T. and Yang, P. and Dai, H. and Xu, W. and Xu, M.},
  month = apr,
  year = {2019},
  pages = {73-81}
}

@inproceedings{peres2019distributeda,
  title = {Distributed {{Self}}-{{Adjusting Tree Networks}}},
  booktitle = {{{IEEE INFOCOM}} 2019 - {{IEEE Conference}} on {{Computer Communications}}},
  doi = {10.1109/INFOCOM.2019.8737417},
  author = {Peres, B. and Souza, O. A. d O. and Goussevskaia, O. and Avin, C. and Schmid, S.},
  month = apr,
  year = {2019},
  pages = {145-153}
}

@inproceedings{bega2019deepcoga,
  title = {{{DeepCog}}: {{Cognitive Network Management}} in {{Sliced 5G Networks}} with {{Deep Learning}}},
  shorttitle = {{{DeepCog}}},
  booktitle = {{{IEEE INFOCOM}} 2019 - {{IEEE Conference}} on {{Computer Communications}}},
  doi = {10.1109/INFOCOM.2019.8737488},
  author = {Bega, D. and Gramaglia, M. and Fiore, M. and Banchs, A. and {Costa-Perez}, X.},
  month = apr,
  year = {2019},
  pages = {280-288}
}

@inproceedings{fernando2019live,
  title = {Live {{Migration Ate My VM}}: {{Recovering}} a {{Virtual Machine}} after {{Failure}} of {{Post}}-{{Copy Live Migration}}},
  shorttitle = {Live {{Migration Ate My VM}}},
  booktitle = {{{IEEE INFOCOM}} 2019 - {{IEEE Conference}} on {{Computer Communications}}},
  doi = {10.1109/INFOCOM.2019.8737452},
  author = {Fernando, D. and Terner, J. and Gopalan, K. and Yang, P.},
  month = apr,
  year = {2019},
  pages = {343-351}
}

@inproceedings{liang2019optimala,
  title = {Optimal {{Network Control}} in {{Partially}}-{{Controllable Networks}}},
  booktitle = {{{IEEE INFOCOM}} 2019 - {{IEEE Conference}} on {{Computer Communications}}},
  doi = {10.1109/INFOCOM.2019.8737528},
  author = {Liang, Q. and Modiano, E.},
  month = apr,
  year = {2019},
  pages = {397-405}
}

@inproceedings{pasteris2019service,
  title = {Service {{Placement}} with {{Provable Guarantees}} in {{Heterogeneous Edge Computing Systems}}},
  booktitle = {{{IEEE INFOCOM}} 2019 - {{IEEE Conference}} on {{Computer Communications}}},
  doi = {10.1109/INFOCOM.2019.8737449},
  author = {Pasteris, S. and Wang, S. and Herbster, M. and He, T.},
  month = apr,
  year = {2019},
  pages = {514-522}
}

@inproceedings{bao2019deepa,
  title = {Deep {{Learning}}-Based {{Job Placement}} in {{Distributed Machine Learning Clusters}}},
  booktitle = {{{IEEE INFOCOM}} 2019 - {{IEEE Conference}} on {{Computer Communications}}},
  doi = {10.1109/INFOCOM.2019.8737460},
  author = {Bao, Y. and Peng, Y. and Wu, C.},
  month = apr,
  year = {2019},
  pages = {505-513}
}

@inproceedings{sallam2019joint,
  title = {Joint {{Placement}} and {{Allocation}} of {{Virtual Network Functions}} with {{Budget}} and {{Capacity Constraints}}},
  booktitle = {{{IEEE INFOCOM}} 2019 - {{IEEE Conference}} on {{Computer Communications}}},
  doi = {10.1109/INFOCOM.2019.8737400},
  author = {Sallam, G. and Ji, B.},
  month = apr,
  year = {2019},
  pages = {523-531}
}

@inproceedings{chen2019roundrobin,
  title = {Round-{{Robin Synchronization}}: {{Mitigating Communication Bottlenecks}} in {{Parameter Servers}}},
  shorttitle = {Round-{{Robin Synchronization}}},
  booktitle = {{{IEEE INFOCOM}} 2019 - {{IEEE Conference}} on {{Computer Communications}}},
  doi = {10.1109/INFOCOM.2019.8737587},
  author = {Chen, C. and Wang, W. and Li, B.},
  month = apr,
  year = {2019},
  pages = {532-540}
}

@inproceedings{niu2019making,
  title = {Making {{Big Money}} from {{Small Sensors}}: {{Trading Time}}-{{Series Data}} under {{Pufferfish Privacy}}},
  shorttitle = {Making {{Big Money}} from {{Small Sensors}}},
  booktitle = {{{IEEE INFOCOM}} 2019 - {{IEEE Conference}} on {{Computer Communications}}},
  doi = {10.1109/INFOCOM.2019.8737579},
  author = {Niu, C. and Zheng, Z. and Tang, S. and Gao, X. and Wu, F.},
  month = apr,
  year = {2019},
  pages = {568-576}
}

@inproceedings{naghizadeh2019hurts,
  title = {Hurts to {{Be Too Early}}: {{Benefits}} and {{Drawbacks}} of {{Communication}} in {{Multi}}-{{Agent Learning}}},
  shorttitle = {Hurts to {{Be Too Early}}},
  booktitle = {{{IEEE INFOCOM}} 2019 - {{IEEE Conference}} on {{Computer Communications}}},
  doi = {10.1109/INFOCOM.2019.8737652},
  author = {Naghizadeh, P. and Gorlatova, M. and Lan, A. S. and Chiang, M.},
  month = apr,
  year = {2019},
  pages = {622-630}
}

@inproceedings{courcoubetis2019throughput,
  title = {Throughput and {{Pricing}} of {{Ridesharing Systems}}},
  booktitle = {{{IEEE INFOCOM}} 2019 - {{IEEE Conference}} on {{Computer Communications}}},
  doi = {10.1109/INFOCOM.2019.8737561},
  author = {Courcoubetis, C. and Dimakis, A.},
  month = apr,
  year = {2019},
  pages = {640-648}
}

@inproceedings{chen2019task,
  title = {Task {{Replication}} for {{Vehicular Cloud}}: {{Contextual Combinatorial Bandit}} with {{Delayed Feedback}}},
  shorttitle = {Task {{Replication}} for {{Vehicular Cloud}}},
  booktitle = {{{IEEE INFOCOM}} 2019 - {{IEEE Conference}} on {{Computer Communications}}},
  doi = {10.1109/INFOCOM.2019.8737654},
  author = {Chen, L. and Xu, J.},
  month = apr,
  year = {2019},
  pages = {748-756}
}

@inproceedings{zhang2019integrated,
  title = {An {{Integrated Top}}-down and {{Bottom}}-up {{Task Allocation Approach}} in {{Social Sensing}} Based {{Edge Computing Systems}}},
  booktitle = {{{IEEE INFOCOM}} 2019 - {{IEEE Conference}} on {{Computer Communications}}},
  doi = {10.1109/INFOCOM.2019.8737409},
  author = {Zhang, D. Y. and Wang, D.},
  month = apr,
  year = {2019},
  pages = {766-774}
}

@inproceedings{kortoci2019fogbased,
  title = {Fog-Based {{Data Offloading}} in {{Urban IoT Scenarios}}},
  booktitle = {{{IEEE INFOCOM}} 2019 - {{IEEE Conference}} on {{Computer Communications}}},
  doi = {10.1109/INFOCOM.2019.8737503},
  author = {Korto{\c c}i, P. and Zheng, L. and {Joe-wong}, C. and Francesco, M. D. and Chiang, M.},
  month = apr,
  year = {2019},
  pages = {784-792}
}

@inproceedings{cuervo2010maui,
  address = {{New York, NY, USA}},
  series = {{{MobiSys}} '10},
  title = {{{MAUI}}: {{Making Smartphones Last Longer}} with {{Code Offload}}},
  isbn = {978-1-60558-985-5},
  shorttitle = {{{MAUI}}},
  booktitle = {Proceedings of the 8th {{International Conference}} on {{Mobile Systems}}, {{Applications}}, and {{Services}}},
  publisher = {{ACM}},
  doi = {10.1145/1814433.1814441},
  author = {Cuervo, Eduardo and Balasubramanian, Aruna and Cho, Dae-ki and Wolman, Alec and Saroiu, Stefan and Chandra, Ranveer and Bahl, Paramvir},
  year = {2010},
  pages = {49--62}
}

@inproceedings{kosta2012thinkair,
  title = {{{ThinkAir}}: {{Dynamic}} Resource Allocation and Parallel Execution in the Cloud for Mobile Code Offloading},
  shorttitle = {{{ThinkAir}}},
  booktitle = {Proceedings of {{IEEE Conference}} on {{Computer Communications}} ({{INFOCOM}} 2012)},
  doi = {10.1109/INFCOM.2012.6195845},
  author = {Kosta, S. and Aucinas, A. and {Pan Hui} and Mortier, R. and {Xinwen Zhang}},
  month = mar,
  year = {2012},
  pages = {945-953}
}

@article{guo2019energyefficient,
  title = {Energy-{{Efficient Dynamic Computation Offloading}} and {{Cooperative Task Scheduling}} in {{Mobile Cloud Computing}}},
  volume = {18},
  issn = {1536-1233},
  number = {2},
  journal = {IEEE Transactions on Mobile Computing},
  doi = {10.1109/TMC.2018.2831230},
  author = {Guo, S. and Liu, J. and Yang, Y. and Xiao, B. and Li, Z.},
  month = feb,
  year = {2019},
  pages = {319-333}
}

@inproceedings{geng2018energyefficient,
  title = {Energy-{{Efficient Computation Offloading}} for {{Multicore}}-{{Based Mobile Devices}}},
  booktitle = {Proceedings of {{IEEE Conference}} on {{Computer Communications}} ({{INFOCOM}} 2018)},
  doi = {10.1109/INFOCOM.2018.8485875},
  author = {Geng, Y. and Yang, Y. and Cao, G.},
  month = apr,
  year = {2018},
  pages = {46-54}
}

@article{meskar2017energy,
  title = {Energy {{Aware Offloading}} for {{Competing Users}} on a {{Shared Communication Channel}}},
  volume = {16},
  issn = {1536-1233},
  number = {1},
  journal = {IEEE Transactions on Mobile Computing},
  doi = {10.1109/TMC.2016.2538227},
  author = {Meskar, E. and Todd, T. D. and Zhao, D. and Karakostas, G.},
  month = jan,
  year = {2017},
  pages = {87-96}
}

@article{wang2019dynamic,
  title = {Dynamic {{Service Migration}} in {{Mobile Edge Computing Based}} on {{Markov Decision Process}}},
  volume = {27},
  issn = {1063-6692},
  number = {3},
  journal = {IEEE/ACM Transactions on Networking},
  doi = {10.1109/TNET.2019.2916577},
  author = {Wang, S. and Urgaonkar, R. and Zafer, M. and He, T. and Chan, K. and Leung, K. K.},
  month = jun,
  year = {2019},
  pages = {1272-1288}
}

@article{yu2019premigration,
  title = {Pre-{{Migration}} of {{Vehicle}} to {{Network Services Based}} on {{Priority}} in {{Mobile Edge Computing}}},
  volume = {7},
  issn = {2169-3536},
  journal = {IEEE Access},
  doi = {10.1109/ACCESS.2018.2888478},
  author = {Yu, X. and Guan, M. and Liao, M. and Fan, X.},
  year = {2019},
  pages = {3722-3730}
}

@article{xing2018distributed,
  title = {A Distributed Multi-Level Model with Dynamic Replacement for the Storage of Smart Edge Computing},
  volume = {83},
  issn = {1383-7621},
  journal = {Journal of Systems Architecture},
  doi = {10.1016/j.sysarc.2017.11.002},
  author = {Xing, Jiarong and Dai, Hongjun and Yu, Zhilou},
  month = feb,
  year = {2018},
  pages = {1-11}
}

@inproceedings{alam2016multiagent,
  title = {Multi-Agent and Reinforcement Learning Based Code Offloading in Mobile Fog},
  booktitle = {2016 {{International Conference}} on {{Information Networking}} ({{ICOIN}})},
  doi = {10.1109/ICOIN.2016.7427078},
  author = {Alam, M. G. R. and Tun, Y. K. and Hong, C. S.},
  month = jan,
  year = {2016},
  pages = {285-290}
}

@article{benamor2019solving,
  title = {Solving Sequential Collective Decision Problems under Qualitative Uncertainty},
  volume = {109},
  issn = {0888-613X},
  journal = {International Journal of Approximate Reasoning},
  doi = {10.1016/j.ijar.2019.03.003},
  author = {Ben Amor, Nahla and Essghaier, Fatma and Fargier, H{\'e}l{\`e}ne},
  month = jun,
  year = {2019},
  pages = {1-18}
}

@inproceedings{ouyang2019adaptive,
  title = {Adaptive {{User}}-Managed {{Service Placement}} for {{Mobile Edge Computing}}: {{An Online Learning Approach}}},
  shorttitle = {Adaptive {{User}}-Managed {{Service Placement}} for {{Mobile Edge Computing}}},
  booktitle = {{{IEEE INFOCOM}} 2019 - {{IEEE Conference}} on {{Computer Communications}}},
  doi = {10.1109/INFOCOM.2019.8737560},
  author = {Ouyang, T. and Li, R. and Chen, X. and Zhou, Z. and Tang, X.},
  month = apr,
  year = {2019},
  pages = {1468-1476}
}

@article{moura2019game,
  title = {Game {{Theory}} for {{Multi}}-{{Access Edge Computing}}: {{Survey}}, {{Use Cases}}, and {{Future Trends}}},
  volume = {21},
  shorttitle = {Game {{Theory}} for {{Multi}}-{{Access Edge Computing}}},
  number = {1},
  journal = {IEEE Communications Surveys Tutorials},
  doi = {10.1109/COMST.2018.2863030},
  author = {Moura, J. and Hutchison, D.},
  year = {Firstquarter 2019},
  pages = {260-288}
}

@article{ghazvini2013game,
  title = {Game {{Theory Applications}} in {{CSMA Methods}}},
  volume = {15},
  number = {3},
  journal = {IEEE Communications Surveys Tutorials},
  doi = {10.1109/SURV.2012.111412.00167},
  author = {Ghazvini, M. and Movahedinia, N. and Jamshidi, K. and Moghim, N.},
  year = {Third 2013},
  pages = {1062-1087}
}

@article{trestian2012game,
  title = {Game {{Theory}}-{{Based Network Selection}}: {{Solutions}} and {{Challenges}}},
  volume = {14},
  shorttitle = {Game {{Theory}}-{{Based Network Selection}}},
  number = {4},
  journal = {IEEE Communications Surveys Tutorials},
  doi = {10.1109/SURV.2012.010912.00081},
  author = {Trestian, R. and Ormond, O. and Muntean, G.},
  year = {Fourth 2012},
  pages = {1212-1231}
}

@article{charilas2010survey,
  title = {A Survey on Game Theory Applications in Wireless Networks},
  volume = {54},
  issn = {1389-1286},
  number = {18},
  journal = {Computer Networks},
  doi = {10.1016/j.comnet.2010.06.020},
  author = {Charilas, Dimitris E. and Panagopoulos, Athanasios D.},
  month = dec,
  year = {2010},
  pages = {3421-3430}
}

@inproceedings{gautam2010game,
  address = {{New York, NY, USA}},
  series = {{{ICWET}} '10},
  title = {Game {{Theory}}: {{A Brief Survey}}},
  isbn = {978-1-60558-812-4},
  shorttitle = {Game {{Theory}}},
  booktitle = {Proceedings of the {{International Conference}} and {{Workshop}} on {{Emerging Trends}} in {{Technology}}},
  publisher = {{ACM}},
  doi = {10.1145/1741906.1742240},
  author = {Gautam, Pooja},
  year = {2010},
  pages = {1024--1024}
}

@article{halpern2007computer,
  archivePrefix = {arXiv},
  eprinttype = {arxiv},
  eprint = {cs/0703148},
  title = {Computer {{Science}} and {{Game Theory}}: {{A Brief Survey}}},
  shorttitle = {Computer {{Science}} and {{Game Theory}}},
  journal = {arXiv:cs/0703148},
  author = {Halpern, Joseph Y.},
  month = mar,
  year = {2007}
}

@article{he2019gametheoretical,
  title = {A {{Game}}-{{Theoretical Approach}} for {{User Allocation}} in {{Edge Computing Environment}}},
  issn = {1045-9219, 1558-2183, 2161-9883},
  language = {en},
  journal = {IEEE Transactions on Parallel and Distributed Systems},
  doi = {10.1109/TPDS.2019.2938944},
  author = {He, Qiang and Cui, Guangming and Zhang, Xuyun and Chen, Feifei and Deng, Shuiguang and Jin, Hai and Li, Yanhui and Yang, Yun},
  year = {2019},
  pages = {1-1}
}

@article{chen2016efficient,
  title = {Efficient {{Multi}}-{{User Computation Offloading}} for {{Mobile}}-{{Edge Cloud Computing}}},
  volume = {24},
  number = {5},
  journal = {IEEE/ACM Transactions on Networking},
  doi = {10.1109/TNET.2015.2487344},
  author = {Chen, X. and Jiao, L. and Li, W. and Fu, X.},
  month = oct,
  year = {2016},
  pages = {2795-2808}
}

@inproceedings{wu2019collaborated,
  title = {Collaborated {{Tasks}}-Driven {{Mobile Charging}} and {{Scheduling}}: {{A Near Optimal Result}}},
  shorttitle = {Collaborated {{Tasks}}-Driven {{Mobile Charging}} and {{Scheduling}}},
  booktitle = {{{IEEE INFOCOM}} 2019 - {{IEEE Conference}} on {{Computer Communications}}},
  doi = {10.1109/INFOCOM.2019.8737509},
  author = {Wu, T. and Yang, P. and Dai, H. and Xu, W. and Xu, M.},
  month = apr,
  year = {2019},
  pages = {1810-1818}
}

@article{contrerasmec,
  title = {{{MEC}} in {{5G}} Networks},
  language = {en},
  author = {Contreras, Luis M and Fang, Yonggang and Featherstone, Walter and Frydman, Danny and Jiangping, Feng and Kim, Kwihoon and Kuure, Pekka and Li, Alice and Odgers, Andy and Purkayastha, Debashish and Ranjan, Anurag and Scarpina, Salvatore and Verin, Gianluca and Wen, Kuo-Wei},
  pages = {28}
}

@article{patelmobile,
  title = {Mobile {{Edge Computing}}  {{A}} Key Technology towards {{5G}}},
  language = {en},
  author = {Patel, Milan and Sabella, Dario and Sprecher, Nurit and Young, Valerie},
  pages = {16}
}

@article{reznikcloud,
  title = {Cloud {{RAN}} and {{MEC}}: {{A Perfect Pairing}}},
  language = {en},
  author = {Reznik, Alex and Murillo, Luis Miguel Contreras and Fang, Yonggang and Featherstone, Walter and Filippou, Miltiadis and Fontes, Francisco and Labs, Altice and Giust, Fabio and Huang, Qiang and Li, Alice and Turyagyenda, Charles and Wehner, Christof and Zheng, Zhou},
  pages = {24}
}

@article{meca,
  title = {{{MEC Deployments}} in {{4G}} and {{Evolution Towards 5G}}},
  language = {en},
  pages = {24}
}

@inproceedings{dacrema2019are,
  address = {{New York, NY, USA}},
  series = {{{RecSys}} '19},
  title = {Are {{We Really Making Much Progress}}? {{A Worrying Analysis}} of {{Recent Neural Recommendation Approaches}}},
  isbn = {978-1-4503-6243-6},
  shorttitle = {Are {{We Really Making Much Progress}}?},
  booktitle = {Proceedings of the 13th {{ACM Conference}} on {{Recommender Systems}}},
  publisher = {{ACM}},
  doi = {10.1145/3298689.3347058},
  author = {Dacrema, Maurizio Ferrari and Cremonesi, Paolo and Jannach, Dietmar},
  year = {2019},
  pages = {101--109}
}

@article{mayer2018restful,
  title = {{{RESTful APIs}} for the {{5G ServiceBased Architecture}}},
  volume = {6},
  issn = {2245-800X},
  language = {en},
  number = {1},
  journal = {Journal of ICT Standardization},
  doi = {10.13052/jicts2245-800X.617},
  author = {Mayer, Georg and {3GPP CT Chairman, Huawei, Vienna, Austria}},
  year = {2018},
  pages = {101-116}
}

@article{chen20185gzhongduojierubianyuanjisuandelianhebushujiagousheji,
  title = {{5G中多接入边缘计算的联合部署架构设计}},
  volume = {41},
  issn = {1007-5321},
  lccn = {11-3570/TN},
  language = {中文;},
  number = {05},
  journal = {北京邮电大学学报},
  author = {陈, 昕 and 温, 向明 and 王, 鲁晗 and 路, 兆铭},
  year = {2018},
  pages = {86-91+97}
}

@inproceedings{liu2017demo,
  title = {Demo Abstract: {{MExR}}: {{Mobile}} Edge Resource Management for Mixed Reality Applications},
  shorttitle = {Demo Abstract},
  booktitle = {2017 {{IEEE Conference}} on {{Computer Communications Workshops}} ({{INFOCOM WKSHPS}})},
  doi = {10.1109/INFCOMW.2017.8116523},
  author = {Liu, Q. and Huang, S. and Deng, Y. and Han, T.},
  month = may,
  year = {2017},
  pages = {986-987}
}

@inproceedings{alonso2019survey,
  series = {Communications in {{Computer}} and {{Information Science}}},
  title = {A {{Survey}} on {{Software}}-{{Defined Networks}} and {{Edge Computing}} over {{IoT}}},
  isbn = {978-3-030-24299-2},
  language = {en},
  booktitle = {Highlights of {{Practical Applications}} of {{Survivable Agents}} and {{Multi}}-{{Agent Systems}}. {{The PAAMS Collection}}},
  publisher = {{Springer International Publishing}},
  author = {Alonso, Ricardo S. and {Sitt{\'o}n-Candanedo}, In{\'e}s and {Rodr{\'i}guez-Gonz{\'a}lez}, Sara and Garc{\'i}a, {\'O}scar and Prieto, Javier},
  editor = {De La Prieta, Fernando and {Gonz{\'a}lez-Briones}, Alfonso and Pawleski, Pawel and Calvaresi, Davide and Del Val, Elena and Lopes, Fernando and Julian, Vicente and Osaba, Eneko and {S{\'a}nchez-Iborra}, Ram{\'o}n},
  year = {2019},
  pages = {289-301}
}

@article{farhady2015softwaredefined,
  title = {Software-{{Defined Networking}}: {{A}} Survey},
  volume = {81},
  issn = {1389-1286},
  shorttitle = {Software-{{Defined Networking}}},
  journal = {Computer Networks},
  doi = {10.1016/j.comnet.2015.02.014},
  author = {Farhady, Hamid and Lee, HyunYong and Nakao, Akihiro},
  month = apr,
  year = {2015},
  pages = {79-95}
}

@article{wang2019softwaredefined,
  title = {Software-{{Defined Networking Enhanced Edge Computing}}: {{A Network}}-{{Centric Survey}}},
  volume = {107},
  shorttitle = {Software-{{Defined Networking Enhanced Edge Computing}}},
  number = {8},
  journal = {Proceedings of the IEEE},
  doi = {10.1109/JPROC.2019.2924377},
  author = {Wang, A. and Zha, Z. and Guo, Y. and Chen, S.},
  month = aug,
  year = {2019},
  pages = {1500-1519}
}

@inproceedings{saif2018softwarea,
  title = {Software {{Defined Networking}} in {{Next Generation Mobile Backhauls}}: {{A Survey}}},
  shorttitle = {Software {{Defined Networking}} in {{Next Generation Mobile Backhauls}}},
  booktitle = {2018 {{IEEE 5G World Forum}} ({{5GWF}})},
  doi = {10.1109/5GWF.2018.8517068},
  author = {Saif, D. and Arsiwala, F. and Khanna, I.},
  month = jul,
  year = {2018},
  pages = {106-111}
}

@article{zhao2019survey,
  title = {A {{Survey}} of {{Networking Applications Applying}} the {{Software Defined Networking Concept Based}} on {{Machine Learning}}},
  volume = {7},
  journal = {IEEE Access},
  doi = {10.1109/ACCESS.2019.2928564},
  author = {Zhao, Y. and Li, Y. and Zhang, X. and Geng, G. and Zhang, W. and Sun, Y.},
  year = {2019},
  pages = {95397-95417}
}

@article{puliafito2019container,
  title = {Container {{Migration}} in the {{Fog}}: {{A Performance Evaluation}}},
  volume = {19},
  copyright = {http://creativecommons.org/licenses/by/3.0/},
  shorttitle = {Container {{Migration}} in the {{Fog}}},
  language = {en},
  number = {7},
  journal = {Sensors},
  doi = {10.3390/s19071488},
  author = {Puliafito, Carlo and Vallati, Carlo and Mingozzi, Enzo and Merlino, Giovanni and Longo, Francesco and Puliafito, Antonio},
  month = jan,
  year = {2019},
  pages = {1488}
}

@inproceedings{kasgari2019modelfree,
  title = {Model-{{Free Ultra Reliable Low Latency Communication}} ({{URLLC}}): {{A Deep Reinforcement Learning Framework}}},
  shorttitle = {Model-{{Free Ultra Reliable Low Latency Communication}} ({{URLLC}})},
  booktitle = {{{ICC}} 2019 - 2019 {{IEEE International Conference}} on {{Communications}} ({{ICC}})},
  doi = {10.1109/ICC.2019.8761721},
  author = {Kasgari, A. T. Z. and Saad, W.},
  month = may,
  year = {2019},
  pages = {1-6}
}

@article{liu2019edge,
  title = {Edge {{Computing}} for {{Autonomous Driving}}: {{Opportunities}} and {{Challenges}}},
  volume = {107},
  issn = {0018-9219, 1558-2256},
  shorttitle = {Edge {{Computing}} for {{Autonomous Driving}}},
  number = {8},
  journal = {Proceedings of the IEEE},
  doi = {10.1109/JPROC.2019.2915983},
  author = {Liu, Shaoshan and Liu, Liangkai and Tang, Jie and Yu, Bo and Wang, Yifan and Shi, Weisong},
  month = aug,
  year = {2019},
  pages = {1697-1716}
}

@article{chen2019deep,
  title = {Deep {{Learning With Edge Computing}}: {{A Review}}},
  volume = {107},
  issn = {0018-9219, 1558-2256},
  shorttitle = {Deep {{Learning With Edge Computing}}},
  number = {8},
  journal = {Proceedings of the IEEE},
  doi = {10.1109/JPROC.2019.2921977},
  author = {Chen, Jiasi and Ran, Xukan},
  month = aug,
  year = {2019},
  pages = {1655-1674}
}

@article{zhou2019edge,
  title = {Edge {{Intelligence}}: {{Paving}} the {{Last Mile}} of {{Artificial Intelligence With Edge Computing}}},
  volume = {107},
  issn = {0018-9219, 1558-2256},
  shorttitle = {Edge {{Intelligence}}},
  number = {8},
  journal = {Proceedings of the IEEE},
  doi = {10.1109/JPROC.2019.2918951},
  author = {Zhou, Zhi and Chen, Xu and Li, En and Zeng, Liekang and Luo, Ke and Zhang, Junshan},
  month = aug,
  year = {2019},
  pages = {1738-1762}
}

@article{elbamby2019wireless,
  title = {Wireless {{Edge Computing With Latency}} and {{Reliability Guarantees}}},
  volume = {107},
  issn = {0018-9219, 1558-2256},
  number = {8},
  journal = {Proceedings of the IEEE},
  doi = {10.1109/JPROC.2019.2917084},
  author = {Elbamby, Mohammed S. and Perfecto, Cristina and Liu, Chen-Feng and Park, Jihong and Samarakoon, Sumudu and Chen, Xianfu and Bennis, Mehdi},
  month = aug,
  year = {2019},
  pages = {1717-1737}
}

@article{lin2019computation,
  title = {Computation {{Offloading Toward Edge Computing}}},
  volume = {107},
  issn = {0018-9219, 1558-2256},
  number = {8},
  journal = {Proceedings of the IEEE},
  doi = {10.1109/JPROC.2019.2922285},
  author = {Lin, Li and Liao, Xiaofei and Jin, Hai and Li, Peng},
  month = aug,
  year = {2019},
  pages = {1584-1607}
}

@article{liu2019survey,
  title = {A {{Survey}} on {{Edge Computing Systems}} and {{Tools}}},
  volume = {107},
  issn = {0018-9219, 1558-2256},
  number = {8},
  journal = {Proceedings of the IEEE},
  doi = {10.1109/JPROC.2019.2920341},
  author = {Liu, Fang and Tang, Guoming and Li, Youhuizi and Cai, Zhiping and Zhang, Xingzhou and Zhou, Tongqing},
  month = aug,
  year = {2019},
  pages = {1537-1562}
}

@article{wang2019softwaredefineda,
  title = {Software-{{Defined Networking Enhanced Edge Computing}}: {{A Network}}-{{Centric Survey}}},
  volume = {107},
  issn = {0018-9219, 1558-2256},
  shorttitle = {Software-{{Defined Networking Enhanced Edge Computing}}},
  number = {8},
  journal = {Proceedings of the IEEE},
  doi = {10.1109/JPROC.2019.2924377},
  author = {Wang, An and Zha, Zili and Guo, Yang and Chen, Songqing},
  month = aug,
  year = {2019},
  pages = {1500-1519}
}

@inproceedings{kasgari2019modelfreea,
  address = {{Shanghai, China}},
  title = {Model-{{Free Ultra Reliable Low Latency Communication}} ({{URLLC}}): {{A Deep Reinforcement Learning Framework}}},
  isbn = {978-1-5386-8088-9},
  shorttitle = {Model-{{Free Ultra Reliable Low Latency Communication}} ({{URLLC}})},
  language = {en},
  booktitle = {{{ICC}} 2019 - 2019 {{IEEE International Conference}} on {{Communications}} ({{ICC}})},
  publisher = {{IEEE}},
  doi = {10.1109/ICC.2019.8761721},
  author = {Kasgari, Ali Taleb Zadeh and Saad, Walid},
  month = may,
  year = {2019},
  pages = {1-6}
}

@inproceedings{kasgari2019modelfreeb,
  title = {Model-{{Free Ultra Reliable Low Latency Communication}} ({{URLLC}}): {{A Deep Reinforcement Learning Framework}}},
  shorttitle = {Model-{{Free Ultra Reliable Low Latency Communication}} ({{URLLC}})},
  booktitle = {{{ICC}} 2019 - 2019 {{IEEE International Conference}} on {{Communications}} ({{ICC}})},
  doi = {10.1109/ICC.2019.8761721},
  author = {Kasgari, Ali Taleb Zadeh and Saad, Walid},
  month = may,
  year = {2019},
  pages = {1-6},
  issn = {1938-1883, 1550-3607}
}

@article{peterson5g,
  title = {{{5G Mobile Networks}}: {{A Systems Approach}}},
  language = {en},
  author = {Peterson, Sunay},
  pages = {52}
}

@article{ma2019efficient,
  title = {Efficient {{Live Migration}} of {{Edge Services Leveraging Container Layered Storage}}},
  volume = {18},
  issn = {1536-1233, 1558-0660, 2161-9875},
  number = {9},
  journal = {IEEE Transactions on Mobile Computing},
  doi = {10.1109/TMC.2018.2871842},
  author = {Ma, Lele and Yi, Shanhe and Carter, Nancy and Li, Qun},
  month = sep,
  year = {2019},
  pages = {2020-2033}
}

@inproceedings{xiao2019driving,
  title = {Driving in the {{Fog}}: {{Latency Measurement}}, {{Modeling}}, and {{Optimization}} of {{LTE}}-Based {{Fog Computing}} for {{Smart Vehicles}}},
  shorttitle = {Driving in the {{Fog}}},
  booktitle = {2019 16th {{Annual IEEE International Conference}} on {{Sensing}}, {{Communication}}, and {{Networking}} ({{SECON}})},
  doi = {10.1109/SAHCN.2019.8824922},
  author = {Xiao, Yong and Krunz, Marwan and Volos, Haris and Bando, Takashi},
  month = jun,
  year = {2019},
  pages = {1-9},
  issn = {2155-5494, 2155-5486}
}

@inproceedings{gao2019winning,
  title = {Winning at the {{Starting Line}}: {{Joint Network Selection}} and {{Service Placement}} for {{Mobile Edge Computing}}},
  shorttitle = {Winning at the {{Starting Line}}},
  booktitle = {{{IEEE INFOCOM}} 2019 - {{IEEE Conference}} on {{Computer Communications}}},
  doi = {10.1109/INFOCOM.2019.8737543},
  author = {Gao, Bin and Zhou, Zhi and Liu, Fangming and Xu, Fei},
  month = apr,
  year = {2019},
  pages = {1459-1467},
  issn = {2641-9874, 0743-166X}
}

@inproceedings{farhadi2019service,
  title = {Service {{Placement}} and {{Request Scheduling}} for {{Data}}-Intensive {{Applications}} in {{Edge Clouds}}},
  booktitle = {{{IEEE INFOCOM}} 2019 - {{IEEE Conference}} on {{Computer Communications}}},
  doi = {10.1109/INFOCOM.2019.8737368},
  author = {Farhadi, Vajiheh and Mehmeti, Fidan and He, Ting and Porta, Tom La and Khamfroush, Hana and Wang, Shiqiang and Chan, Kevin S},
  month = apr,
  year = {2019},
  pages = {1279-1287},
  issn = {2641-9874, 0743-166X}
}

@inproceedings{jiang2010network,
  title = {Network Calculus and Queueing Theory: Two Sides of One Coin: Invited Paper},
  isbn = {978-963-9799-70-7},
  shorttitle = {Network Calculus and Queueing Theory},
  booktitle = {4th {{International ICST Conference}} on {{Performance Evaluation Methodologies}} and {{Tools}}},
  author = {Jiang, Yuming},
  month = may,
  year = {2010}
}

@inproceedings{kafaie2016throughput,
  title = {Throughput {{Analysis}} of {{Network Coding}} in {{Multi}}-{{Hop Wireless Mesh Networks Using Queueing Theory}}},
  booktitle = {2016 {{IEEE Global Communications Conference}} ({{GLOBECOM}})},
  doi = {10.1109/GLOCOM.2016.7842325},
  author = {Kafaie, Somayeh and Ahmed, Mohamed H. and Chen, Yuanzhu and Dobre, Octavia A.},
  month = dec,
  year = {2016},
  pages = {1-6}
}

@article{ghomi2019applying,
  title = {Applying Queue Theory for Modeling of Cloud Computing: {{A}} Systematic Review},
  volume = {31},
  copyright = {\textcopyright{} 2019 John Wiley \& Sons, Ltd.},
  issn = {1532-0634},
  shorttitle = {Applying Queue Theory for Modeling of Cloud Computing},
  language = {en},
  number = {17},
  journal = {Concurrency and Computation: Practice and Experience},
  doi = {10.1002/cpe.5186},
  author = {Ghomi, Einollah Jafarnejad and Rahmani, Amir Masoud and Qader, Nooruldeen Nasih},
  year = {2019},
  pages = {e5186}
}

@article{bandi2018robust,
  title = {Robust {{Multiclass Queuing Theory}} for {{Wait Time Estimation}} in {{Resource Allocation Systems}}},
  volume = {65},
  issn = {0025-1909},
  number = {1},
  journal = {Management Science},
  doi = {10.1287/mnsc.2017.2948},
  author = {Bandi, Chaithanya and Trichakis, Nikolaos and Vayanos, Phebe},
  month = may,
  year = {2018},
  pages = {152-187}
}

@inproceedings{wang2019frame,
  title = {{{FRAME}}: {{Fault Tolerant}} and {{Real}}-{{Time Messaging}} for {{Edge Computing}}},
  shorttitle = {{{FRAME}}},
  booktitle = {2019 {{IEEE}} 39th {{International Conference}} on {{Distributed Computing Systems}} ({{ICDCS}})},
  doi = {10.1109/ICDCS.2019.00101},
  author = {Wang, Chao and Gill, Christopher and Lu, Chenyang},
  month = jul,
  year = {2019},
  pages = {976-985},
  issn = {2575-8411, 1063-6927}
}

@inproceedings{luo2019f3c,
  title = {{{F3C}}: {{Fog}}-Enabled {{Joint Computation}}, {{Communication}} and {{Caching Resource Sharing}} for {{Energy}}-{{Efficient IoT Data Stream Processing}}},
  shorttitle = {{{F3C}}},
  booktitle = {2019 {{IEEE}} 39th {{International Conference}} on {{Distributed Computing Systems}} ({{ICDCS}})},
  doi = {10.1109/ICDCS.2019.00105},
  author = {Luo, Siqi and Chen, Xu and Zhou, Zhi},
  month = jul,
  year = {2019},
  pages = {1019-1028},
  issn = {2575-8411, 1063-6927}
}

@inproceedings{gu2019deep,
  title = {Deep {{Reinforcement Learning Based VNF Management}} in {{Geo}}-Distributed {{Edge Computing}}},
  booktitle = {2019 {{IEEE}} 39th {{International Conference}} on {{Distributed Computing Systems}} ({{ICDCS}})},
  doi = {10.1109/ICDCS.2019.00097},
  author = {Gu, Lin and Zeng, Deze and Li, Wei and Guo, Song and Zomaya, Albert and Jin, Hai},
  month = jul,
  year = {2019},
  pages = {934-943},
  issn = {2575-8411, 1063-6927}
}

@inproceedings{zeng2019joint,
  title = {Joint {{Online Edge Caching}} and {{Load Balancing}} for {{Mobile Data Offloading}} in {{5G Networks}}},
  booktitle = {2019 {{IEEE}} 39th {{International Conference}} on {{Distributed Computing Systems}} ({{ICDCS}})},
  doi = {10.1109/ICDCS.2019.00096},
  author = {Zeng, Yiming and Huang, Yaodong and Liu, Zhenhua and Yang, Yuanyuan},
  month = jul,
  year = {2019},
  pages = {923-933},
  issn = {2575-8411, 1063-6927}
}

@inproceedings{liu2019virtualedge,
  title = {{{VirtualEdge}}: {{Multi}}-{{Domain Resource Orchestration}} and {{Virtualization}} in {{Cellular Edge Computing}}},
  shorttitle = {{{VirtualEdge}}},
  booktitle = {2019 {{IEEE}} 39th {{International Conference}} on {{Distributed Computing Systems}} ({{ICDCS}})},
  doi = {10.1109/ICDCS.2019.00108},
  author = {Liu, Qiang and Han, Tao},
  month = jul,
  year = {2019},
  pages = {1051-1060},
  issn = {2575-8411, 1063-6927}
}

@inproceedings{chen2019datadriven,
  title = {Data-Driven {{Task Allocation}} for {{Multi}}-Task {{Transfer Learning}} on the {{Edge}}},
  booktitle = {2019 {{IEEE}} 39th {{International Conference}} on {{Distributed Computing Systems}} ({{ICDCS}})},
  doi = {10.1109/ICDCS.2019.00107},
  author = {Chen, Qiong and Zheng, Zimu and Hu, Chuang and Wang, Dan and Liu, Fangming},
  month = jul,
  year = {2019},
  pages = {1040-1050},
  issn = {2575-8411, 1063-6927}
}

@inproceedings{xie2019efficient,
  title = {Efficient {{Data Placement}} and {{Retrieval Services}} in {{Edge Computing}}},
  booktitle = {2019 {{IEEE}} 39th {{International Conference}} on {{Distributed Computing Systems}} ({{ICDCS}})},
  doi = {10.1109/ICDCS.2019.00106},
  author = {XIE, JUNJIE and Qian, Chen and Guo, Deke and Li, Xin and Shi, Shouqian and Chen, Honghui},
  month = jul,
  year = {2019},
  pages = {1029-1039},
  issn = {2575-8411, 1063-6927}
}

@inproceedings{cheng2019task,
  title = {Task {{Assignment Algorithms}} in {{Data Shared Mobile Edge Computing Systems}}},
  booktitle = {2019 {{IEEE}} 39th {{International Conference}} on {{Distributed Computing Systems}} ({{ICDCS}})},
  doi = {10.1109/ICDCS.2019.00103},
  author = {Cheng, Siyao and Chen, Zhenyue and Li, Jianzhong and Gao, Hong},
  month = jul,
  year = {2019},
  pages = {997-1006},
  issn = {2575-8411, 1063-6927}
}

@inproceedings{wu2019when,
  title = {When {{FPGA}}-{{Accelerator Meets Stream Data Processing}} in the {{Edge}}},
  booktitle = {2019 {{IEEE}} 39th {{International Conference}} on {{Distributed Computing Systems}} ({{ICDCS}})},
  doi = {10.1109/ICDCS.2019.00180},
  author = {Wu, Song and Hu, Die and Ibrahim, Shadi and Jin, Hai and Xiao, Jiang and Chen, Fei and Liu, Haikun},
  month = jul,
  year = {2019},
  pages = {1818-1829},
  issn = {2575-8411, 1063-6927}
}

@inproceedings{zhang2019openei,
  title = {{{OpenEI}}: {{An Open Framework}} for {{Edge Intelligence}}},
  shorttitle = {{{OpenEI}}},
  booktitle = {2019 {{IEEE}} 39th {{International Conference}} on {{Distributed Computing Systems}} ({{ICDCS}})},
  doi = {10.1109/ICDCS.2019.00182},
  author = {Zhang, Xingzhou and Wang, Yifan and Lu, Sidi and Liu, Liangkai and {xu}, Lanyu and Shi, Weisong},
  month = jul,
  year = {2019},
  pages = {1840-1851},
  issn = {2575-8411, 1063-6927}
}

@inproceedings{ossenkopf2019longhorizon,
  address = {{Prague, Czech Republic}},
  title = {Long-{{Horizon Active SLAM}} System for Multi-Agent Coordinated Exploration},
  isbn = {978-1-72813-605-9},
  language = {en},
  booktitle = {2019 {{European Conference}} on {{Mobile Robots}} ({{ECMR}})},
  publisher = {{IEEE}},
  doi = {10.1109/ECMR.2019.8870952},
  author = {Ossenkopf, Marie and Castro, Gaston and Pessacg, Facundo and Geihs, Kurt and De Cristoforis, Pablo},
  month = sep,
  year = {2019},
  pages = {1-6}
}

@inproceedings{qu2019delayaware,
  title = {Delay-{{Aware Flow Migration}} for {{Embedded Services}} in {{5G Core Networks}}},
  booktitle = {{{ICC}} 2019 - 2019 {{IEEE International Conference}} on {{Communications}} ({{ICC}})},
  doi = {10.1109/ICC.2019.8761451},
  author = {Qu, Kaige and Zhuang, Weihua and Ye, Qiang and Shen, Xuemin and Li, Xu and Rao, Jaya},
  month = may,
  year = {2019},
  pages = {1-6},
  issn = {1550-3607}
}

@article{baccarelli2018fogsupported,
  title = {Fog-{{Supported Delay}}-{{Constrained Energy}}-{{Saving Live Migration}} of {{VMs Over MultiPath TCP}}/{{IP 5G Connections}}},
  volume = {6},
  issn = {2169-3536},
  journal = {IEEE Access},
  doi = {10.1109/ACCESS.2018.2860249},
  author = {Baccarelli, Enzo and Scarpiniti, Michele and Momenzadeh, Alireza},
  year = {2018},
  pages = {42327-42354}
}

@inproceedings{leu2019migration,
  address = {{Cham}},
  series = {Lecture {{Notes}} on {{Data Engineering}} and {{Communications Technologies}}},
  title = {Migration of {{Edge Computing Services}} in {{5G Networks}} \textendash{} {{Firewall}} as a {{Service Example}}},
  isbn = {978-3-030-02613-4},
  language = {en},
  booktitle = {Advances on {{Broadband}} and {{Wireless Computing}}, {{Communication}} and {{Applications}}},
  publisher = {{Springer International Publishing}},
  doi = {10.1007/978-3-030-02613-4_52},
  author = {Leu, Fang-Yie and Susanto, Heru and Chou, Ping-Hung and Lin, Jeng-Wei},
  editor = {Barolli, Leonard and Leu, Fang-Yie and Enokido, Tomoya and Chen, Hsing-Chung},
  year = {2019},
  pages = {578-585}
}

@inproceedings{addad2018mira,
  title = {{{MIRA}}!: {{An SDN}}-{{Based Framework}} for {{Cross}}-{{Domain Fast Migration}} of {{Ultra}}-{{Low Latency 5G Services}}},
  shorttitle = {{{MIRA}}!},
  booktitle = {2018 {{IEEE Global Communications Conference}} ({{GLOBECOM}})},
  doi = {10.1109/GLOCOM.2018.8648002},
  author = {Addad, Rami Akrem and Dutra, Diego Leonel Cadette and Taleb, Tarik and Bagaa, Miloud and Flinck, Hannu},
  month = dec,
  year = {2018},
  pages = {1-6},
  issn = {1930-529X}
}

@inproceedings{addad2018fasta,
  title = {Towards a {{Fast Service Migration}} in {{5G}}},
  booktitle = {2018 {{IEEE Conference}} on {{Standards}} for {{Communications}} and {{Networking}} ({{CSCN}})},
  doi = {10.1109/CSCN.2018.8581836},
  author = {Addad, Rami Akrem and Cadette Dutra, Diego Leonel and Bagaa, Miloud and Taleb, Tarik and Flinck, Hannu},
  month = oct,
  year = {2018},
  pages = {1-6},
  issn = {null}
}

@inproceedings{mcchesney2019defog,
  address = {{New York, NY, USA}},
  series = {{{SEC}} '19},
  title = {{{DeFog}}: {{Fog Computing Benchmarks}}},
  isbn = {978-1-4503-6733-2},
  shorttitle = {{{DeFog}}},
  booktitle = {Proceedings of the 4th {{ACM}}/{{IEEE Symposium}} on {{Edge Computing}}},
  publisher = {{ACM}},
  doi = {10.1145/3318216.3363299},
  author = {McChesney, Jonathan and Wang, Nan and Tanwer, Ashish and {de Lara}, Eyal and Varghese, Blesson},
  year = {2019},
  pages = {47--58}
}

@inproceedings{hu2019linkshare,
  address = {{New York, NY, USA}},
  series = {{{SEC}} '19},
  title = {{{LinkShare}}: {{Device}}-Centric {{Control}} for {{Concurrent}} and {{Continuous Mobile}}-Cloud {{Interactions}}},
  isbn = {978-1-4503-6733-2},
  shorttitle = {{{LinkShare}}},
  booktitle = {Proceedings of the 4th {{ACM}}/{{IEEE Symposium}} on {{Edge Computing}}},
  publisher = {{ACM}},
  doi = {10.1145/3318216.3363303},
  author = {Hu, Bo and Hu, Wenjun},
  year = {2019},
  pages = {15--29}
}

@inproceedings{soualhia2019infrastructure,
  address = {{New York, NY, USA}},
  series = {{{SEC}} '19},
  title = {Infrastructure {{Fault Detection}} and {{Prediction}} in {{Edge Cloud Environments}}},
  isbn = {978-1-4503-6733-2},
  booktitle = {Proceedings of the 4th {{ACM}}/{{IEEE Symposium}} on {{Edge Computing}}},
  publisher = {{ACM}},
  doi = {10.1145/3318216.3363305},
  author = {Soualhia, Mbarka and Fu, Chunyan and Khomh, Foutse},
  year = {2019},
  pages = {222--235}
}

@inproceedings{wolski2019cspot,
  address = {{New York, NY, USA}},
  series = {{{SEC}} '19},
  title = {{{CSPOT}}: {{Portable}}, {{Multi}}-Scale {{Functions}}-as-a-Service for {{IoT}}},
  isbn = {978-1-4503-6733-2},
  shorttitle = {{{CSPOT}}},
  booktitle = {Proceedings of the 4th {{ACM}}/{{IEEE Symposium}} on {{Edge Computing}}},
  publisher = {{ACM}},
  doi = {10.1145/3318216.3363314},
  author = {Wolski, Rich and Krintz, Chandra and Bakir, Fatih and George, Gareth and Lin, Wei-Tsung},
  year = {2019},
  pages = {236--249}
}

@inproceedings{nguyen2019why,
  address = {{New York, NY, USA}},
  series = {{{SEC}} '19},
  title = {Why {{Cloud Applications Are Not Ready}} for the {{Edge}} ({{Yet}})},
  isbn = {978-1-4503-6733-2},
  booktitle = {Proceedings of the 4th {{ACM}}/{{IEEE Symposium}} on {{Edge Computing}}},
  publisher = {{ACM}},
  doi = {10.1145/3318216.3363298},
  author = {Nguyen, Chanh and Mehta, Amardeep and Klein, Cristian and Elmroth, Erik},
  year = {2019},
  pages = {250--263}
}


